1679 2553
618 155 682 184 GH.
713 155 842 192 xxxv„
872 156 1005 183 XXXVI.
1420 147 1470 184 33

152 246 340 296 pleraque
358 249 399 284 et
417 260 578 295 erroreS,
597 260 693 297 quos
711 250 782 286 aut
800 248 1027 284 ducentium
1055 247 1167 285 fraus
1185 251 1269 294 aut,
1290 249 1358 285 ubi
1376 250 1469 286 fides
1491 265 1533 297 35

152 309 198 345 iis
235 321 314 345 non
350 312 461 355 esset,
489 312 636 346 temere
672 309 794 345 initae
826 309 948 345 valles
985 323 1009 345 a
1047 309 1359 347 coniectantibus
1395 310 1470 348 iter

151 369 361 408 faciebant.
436 371 471 407 5.
501 370 674 406 Biduum
701 371 742 407 in
778 371 870 419 iugo
907 371 1056 408 stativa
1097 372 1245 418 habita,
1283 371 1470 421 fessisque

151 431 284 468 labore
311 444 358 468 ac
382 431 595 481 pugnando
622 432 731 481 quies
759 432 854 468 data
882 432 1092 477 militibus;
1122 433 1376 482 iumentaque
1403 434 1464 470 ali-

152 497 260 542 quot,
294 506 395 543 quae
426 493 607 542 prolapsa
638 493 680 529 in
710 493 874 542 rupibus
911 497 1036 540 erant,
1074 494 1267 542 sequendo
1305 495 1470 544 vestigia

151 554 319 603 agminis
337 554 380 591 in
398 557 530 592 castra
549 567 771 603 pervenere.
830 556 863 592 6.
896 555 1020 591 Bessis
1038 555 1168 591 taedio
1197 559 1257 593 tot
1276 556 1471 593 malorum

151 615 252 652 nivis
265 616 387 652 etiam
405 628 517 653 casus
531 615 727 652 occidente
747 616 826 652 iam
842 616 967 652 sidere
987 617 1257 665 Vergiliarum
1268 618 1470 666 ingentem

152 683 343 714 terrorem
375 676 526 714 adiecit.
585 676 619 713 7.
650 677 726 713 Per
754 677 887 713 omnia
917 678 1006 714 nive
1039 678 1196 727 oppleta
1230 692 1318 715 cum
1351 680 1471 728 signis

150 739 278 787 prima
305 739 390 775 luce
416 739 532 775 motis
560 738 731 787 segniter
759 751 902 786 agmen
930 739 1136 785 incederet,
1164 740 1403 790 pigritiaque
1430 744 1472 777 et

150 799 368 849 desperatio
386 800 428 837 in
447 800 621 837 omnium
636 799 751 836 vultu
770 800 972 846 emineret,
1030 801 1065 837 S.
1095 813 1346 849 praegressus
1357 802 1470 851 signa

151 861 359 898 Hannibal
378 861 420 898 in
449 861 723 910 promunturio
742 860 922 910 quodam,
944 862 1048 898 unde
1078 862 1191 910 longe
1220 875 1266 899 ac
1284 863 1366 900 late
1384 876 1471 913 pro-

149 926 304 971 spectus
340 925 438 968 erat,
476 923 683 959 consistere
718 922 834 958 iussis
871 922 1060 959 militibus
1098 923 1259 960 Italiam
1297 928 1471 961 ostentat

150 983 418 1032 subiectosque
463 983 621 1032 Alpinis
666 983 865 1019 montibus
921 983 1255 1033 Circumpadanos
1301 998 1469 1036 camPOS,

152 1045 185 1081 9.
214 1044 445 1093 moeniaque
472 1056 536 1080 eos
562 1047 650 1080 tum
678 1043 953 1080 transcendere
981 1057 1060 1080 non
1094 1045 1236 1081 Italiae
1264 1046 1376 1082 modo
1405 1046 1470 1083 sed

149 1105 271 1142 etiam
288 1106 396 1142 urbis
414 1106 617 1142 Romanae
631 1118 642 1151 3
671 1108 799 1141 cetera
818 1105 947 1153 plana,
964 1106 1151 1154 proclivia
1172 1106 1276 1153 fore;
1306 1120 1384 1144 uno
1399 1112 1471 1144 aut

149 1179 345 1203 summum
365 1168 490 1203 altero
509 1166 653 1215 proelio
672 1178 802 1202 arcem
821 1170 861 1202 et
880 1171 1000 1216 caput
1030 1167 1175 1204 Italiae
1203 1169 1244 1205 in
1273 1182 1394 1205 manu
1424 1182 1469 1206 ac

149 1231 343 1277 potestate
386 1228 601 1264 habit-uros.
679 1227 738 1263 10.
769 1227 979 1264 Procedere
1015 1228 1106 1265 inde
1151 1242 1294 1278 agmen
1331 1230 1467 1280 coepit,

95 1326 99 1328 ,
148 1289 228 1326 iam
265 1288 363 1325 nihil
401 1301 450 1325 ne
495 1288 671 1325 host-ibus
707 1288 863 1336 quidem
901 1294 1055 1336 praeter
1092 1303 1217 1339 parva
1254 1290 1364 1327 furta
1400 1304 1470 1340 per

148 1350 386 1387 occasionem
412 1349 713 1399 temptantibus.
774 1349 830 1387 11.
863 1350 1045 1386 Ceterum
1074 1351 1151 1387 iter
1180 1351 1317 1398 multe,
1348 1365 1467 1401 quam

149 1411 191 1447 in
226 1422 388 1447 ascensu
423 1409 568 1456 fuerat,
606 1413 652 1445 ut
688 1409 874 1458 pleraque
910 1410 1073 1459 Alpium
1111 1411 1162 1447 ab
1201 1412 1322 1448 Italia
1368 1413 1469 1449 sicut

150 1472 331 1509 breviora
366 1472 426 1508 ita
462 1471 677 1508 arrectiora
714 1474 820 1516 sunt,
859 1470 1052 1508 difficilius
1090 1472 1180 1509 fuit.
1242 1474 1300 1510 12.
1331 1474 1469 1511 Omnis

149 1533 253 1570 enim
283 1533 408 1570 ferme
436 1533 499 1570 via
528 1545 722 1581 praeceps,
753 1536 935 1580 angusta,
966 1533 1118 1570 lubrica
1148 1538 1246 1581 erat,
1268 1539 1314 1571 ut
1341 1548 1468 1585 neque

149 1595 342 1636 sustinere
369 1607 410 1632 se
436 1607 461 1631 a
489 1595 601 1643 lapsu
630 1598 798 1644 possent,
819 1606 900 1640 nec,
921 1594 989 1643 qui
1020 1595 1185 1644 paulum
1213 1597 1466 1644 titubassent,

148 1656 311 1694 haerere
329 1655 479 1693 adflicti
498 1655 660 1704 vestigio
688 1668 768 1702 suo,
789 1655 934 1704 aliique
952 1668 1068 1706 super
1097 1657 1193 1694 alios
1220 1661 1261 1695 et
1288 1658 1467 1695 iumenta

147 1717 191 1755 in
209 1717 384 1755 homines
401 1717 627 1755 occiderent.

201 1835 378 1874 XXXVI.
407 1837 588 1875 Ventum
623 1837 761 1874 deinde
788 1837 838 1874 ad
871 1838 996 1875 multo
1028 1838 1296 1887 angustiorem
1328 1852 1465 1889 rupem

148 1901 267 1948 atque
284 1899 344 1935 ita
361 1899 478 1937 rectis
489 1899 603 1946 saxis,
618 1902 666 1936 ut
683 1911 800 1948 aegre
814 1899 1017 1948 expeditus
1032 1900 1142 1937 miles
1156 1902 1467 1950 temptabundus

148 1960 408 2010 manibusque
443 1961 618 1998 retinens
654 1960 830 2009 virgulta
866 1973 912 1997 ac
948 1962 1089 2010 stirpes
1119 1962 1221 1999 circa
1251 1963 1467 2001 eminentes

149 2020 354 2059 demittere
372 2033 452 2059 sese
471 2024 610 2071 posset.
668 2021 703 2058 2.
732 2021 892 2059 Natura
920 2022 1026 2059 locus
1045 2023 1126 2060 iam
1156 2028 1251 2061 ante
1282 2037 1466 2074 praeceps

147 2083 295 2120 recenti
321 2082 435 2133 lapsu
453 2086 585 2120 terrae
611 2082 653 2119 in
672 2082 815 2132 pedum
842 2083 948 2121 mille
976 2083 1184 2122 admodum
1213 2086 1463 2124 altitudinem

148 2145 342 2194 abruptus
355 2147 454 2182 erat.
513 2145 546 2181 3.
577 2144 641 2181 Ibi
659 2157 748 2181 cum
768 2145 877 2182 velut
896 2146 947 2182 ad
965 2146 1084 2183 finem
1104 2147 1191 2184 viae
1209 2149 1360 2197 equites
1378 2161 1464 2185 con-

147 2205 351 2253 stitissent,
388 2206 551 2243 miranti
579 2205 812 2253 Hannibali,
840 2219 940 2256 quae
966 2219 1028 2244 res
1058 2212 1281 2247 moraretur
1310 2223 1464 2259 agmen,

147 2267 359 2304 nuntiatur
394 2280 531 2317 rupem
567 2267 715 2304 inviam
753 2280 844 2306 esse.
869 2269 1078 2318 Digressus
1123 2270 1259 2307 deinde
1295 2272 1376 2322 ipse
1413 2272 1465 2308 ad

146 2327 273 2365 locum
296 2329 510 2366 visendum.
567 2329 601 2365 4.
633 2329 755 2367 Haud
785 2330 904 2367 dubia
931 2343 993 2368 res
1021 2332 1116 2378 visa,
1134 2333 1231 2381 quin
1261 2345 1331 2382 per
1357 2333 1465 2369 invia

206 2394 243 2425 L.
267 2399 356 2426 XXI.
1281 2396 1303 2430 4

1497 444 1535 473 15

1496 746 1536 776 20

1496 1049 1536 1079 25

1493 1368 1534 1398 30

1495 1669 1535 1701 35

1495 1846 1538 1878 36
