1679 2553
241 127 289 163 12
796 142 900 174 mVY,
932 141 1012 167 xm.

181 236 221 266 12
237 230 303 280 qui
331 230 403 267 sub
422 231 711 269 condicionibus
739 233 788 270 iis
820 232 866 270 de
895 245 990 283 pace
1009 237 1155 283 ageret.
1215 235 1248 271 5.
1279 235 1559 272 Postulabatur

181 293 218 322 16
236 295 382 339 autem,
421 292 629 330 redderent:
667 307 727 331 res
764 295 1012 341 Turdetanis,
1051 295 1277 345 traditoque
1322 297 1429 333 omni
1465 309 1562 334 auro

236 356 356 402 atque
393 357 557 404 argento
595 355 738 404 egressi
776 356 872 392 urbe
909 368 998 392 cum
1035 356 1198 405 singulis
1226 357 1471 394 vestimentis
1507 358 1559 395 ibi

236 415 476 461 habitarent,
507 416 575 453 ubi
604 416 758 453 Poenus
785 418 967 454 iussisset.
1027 417 1060 454 6.
1093 418 1181 454 Has
1218 419 1322 468 pacis
1358 418 1461 468 leges
1498 420 1557 456 ab·

235 483 383 516 nuente
403 479 551 516 Alcone
566 484 793 530 accepturos
809 481 1061 530 Saguntinos,
1082 481 1260 527 Alorcus,
1275 482 1379 519 vinci
1399 483 1560 531 animos,

177 543 215 574 20
235 541 303 578 ubi
321 541 398 578 alia
418 542 639 588 vincantur,
660 542 886 589 adfirmans,
907 555 946 579 se
966 543 1073 592 pacis
1102 544 1183 580 cius
1200 544 1459 593 interpretem
1478 544 1561 582 fore

198 640 201 643 ‚
234 602 439 652 pollicetur
453 615 461 639 ε
482 607 569 639 erat
584 607 719 640 autem
733 607 819 640 tum
832 604 943 641 miles
957 604 1207 650 Hannibalis,
1222 609 1395 642 ceterum
1408 605 1562 654 publice

236 664 467 714 Saguntinis
504 665 653 702 amicus
691 669 811 714 atque
849 666 996 716 hospes.
1056 667 1088 703 7.
1120 667 1280 703 Tradito
1317 667 1450 716 palam
1482 667 1561 704 telo

235 726 457 763 custodibus
484 726 653 763 hostium
683 730 953 777 transgressus
980 728 1227 764 munimenta
1258 728 1307 764 ad
1337 731 1560 778 praetorem

235 788 594 837 Saguntinum—et
624 788 704 836 ipse
743 788 802 824 ita
835 789 1112 825 iubebat—est
1146 788 1347 826 deductus.
1408 790 1442 826 8.
1473 789 1558 834 Quo

172 849 210 878 25
234 862 323 885 cum
360 849 557 898 extemplo
602 861 811 885 concursus
848 849 974 885 omnis
1019 850 1171 898 generis
1217 850 1422 886 hominum
1460 854 1560 887 esset

233 909 374 957 factus,
405 910 586 947 submota
623 914 753 947 cetera
784 910 1039 947 multitudine
1072 914 1235 947 senatus
1268 911 1410 948 Alorco
1440 911 1559 949 datus

234 975 305 1018 est,
328 971 439 1008 cuius
459 971 551 1008 talis
570 971 698 1008 oratio
718 971 806 1010 fuit.

170 1087 210 1119 13
285 1089 398 1128 XIII.
432 1092 454 1111 “
469 1090 510 1128 Si
530 1091 623 1127 civis
643 1096 772 1127 1703101·
793 1091 901 1137 Alco,
923 1092 1022 1128 sicut
1042 1091 1091 1128 ad
1113 1105 1249 1141 pacem
1269 1092 1479 1141 petendam
1509 1093 1560 1130 ad

238 1152 508 1190 Hannibalem
542 1153 664 1198 venit,
684 1153 744 1188 ita
775 1153 881 1201 pacis
901 1152 1143 1188 condiciones
1173 1154 1224 1189 ab
1255 1154 1482 1190 Hannibale
1510 1154 1561 1191 ad

233 1226 299 1250 vos
327 1213 557 1258 rettulisset,
586 1225 923 1261 supervacaneum
957 1213 1029 1250 hoc
1067 1214 1164 1250 1111111
1195 1214 1334 1251 suisset
1366 1215 1454 1262 iter,
1483 1228 1560 1264 quo

233 1288 303 1312 1100
339 1278 473 1311 orator
512 1274 754 1311 Hannibalis
791 1287 862 1311 1100
898 1275 1112 1324 transfuga
1149 1276 1200 1312 ad
1236 1289 1302 1313 vos
1340 1277 1557 1313 venissem:

191 1347 209 1376 5
235 1339 268 1374 2.
299 1350 415 1383 nunc,
436 1349 525 1373 cum
555 1336 619 1373 ille
638 1340 710 1373 aut
741 1340 874 1373 vestra
895 1340 966 1373 aut
998 1350 1069 1374 sua
1089 1338 1205 1386 culpa
1235 1338 1425 1375 manserit
1453 1338 1559 1388 apud

232 1398 520 1444 hostem—sua,
541 1397 573 1434 31
604 1402 753 1434 metum
786 1398 1001 1444 simulavit,
1024 1402 1168 1444 vestra,
1189 1400 1222 1435 si
1252 1400 1470 1449 periculum
1499 1404 1559 1437 est

232 1460 337 1509 apud
358 1472 424 1496 vos
442 1471 534 1496 vera
554 1458 953 1508 referentibus—ego,
974 1472 1023 1495 ne
1053 1460 1287 1509 ignoraretis
1306 1473 1386 1497 esse
1407 1460 1559 1509 ζῴῳ-103

232 1525 272 1559 et
303 1521 440 1558 salutis
467 1524 507 1557 et
539 1521 645 1569 pacis
674 1521 781 1557 vobis
810 1521 1060 1568 condiciones,
1091 1534 1160 1569 pro
1194 1525 1350 1559 vetusto
1378 1522 1556 1571 hospitio,

232 1583 337 1632 quod
374 1582 470 1618 mihi
502 1582 699 1618 vobiscum
732 1586 802 1628 est,
836 1569 1120 1618 meni.
1179 1584 1211 1619 3.
1245 1583 1391 1619 Vestra
1424 1587 1557 1620 autem

174 1652 211 1681 10
233 1657 352 1681 causa
370 1656 432 1680 me
451 1655 522 1679 nec
541 1643 659 1680 ullius
679 1643 842 1680 alterius
861 1644 978 1692 loqui,
1001 1656 1100 1692 quae
1121 1643 1256 1692 loquor
1274 1644 1377 1693 apud
1396 1657 1475 1691 vos,
1496 1645 1557 1681 vel

231 1718 278 1742 ea
298 1706 390 1742 fides
410 1706 471 1750 sit,
494 1705 595 1754 quod
616 1717 741 1754 neque
761 1705 853 1741 dum
874 1705 1014 1741 vestris
1034 1705 1182 1741 viribus
1202 1706 1415 1752 restitistis,
1430 1718 1555 1755 neque

232 1767 323 1803 dum
345 1766 495 1802 auxilia
515 1767 565 1802 ab
586 1766 776 1802 Romanis
795 1766 991 1815 sperastis,
1014 1766 1118 1814 pacis
1147 1779 1335 1815 umquam
1357 1767 1460 1815 apud
1490 1780 1558 1804 vos

232 1829 470 1864 mentionem
489 1827 573 1863 feci.
631 1827 665 1863 4.
698 1827 911 1876 Postquam
943 1840 1013 1863 nec
1041 1828 1091 1864 ab
1121 1828 1311 1865 Romanis
1339 1829 1446 1865 vobis
1474 1829 1556 1865 ulla

231 1894 291 1925 est
319 1901 416 1938 spes,
446 1901 516 1926 nec
549 1893 681 1925 vestra
713 1901 780 1925 vos
799 1889 878 1925 iam
916 1893 988 1925 aut
1021 1902 1132 1925 arma
1171 1893 1242 1925 aut
1270 1890 1424 1926 moenia,
1461 1890 1556 1926 satis

178 1959 215 1989 15
234 1949 461 1997 defendunt,
491 1963 627 1999 pacem
655 1949 791 1987 adfero
820 1951 868 1986 ad
898 1963 964 1986 vos
997 1951 1120 1998 magis
1150 1951 1407 1987 necessariam
1437 1964 1553 1999 quam

232 2025 409 2060 aequam.
469 2012 503 2048 5.
534 2012 655 2048 Cuius
686 2012 744 2048 ita
775 2011 909 2060 aliqua
946 2024 1032 2060 spes
1065 2015 1135 2057 est,
1165 2012 1196 2048 si
1229 2024 1327 2057 eam,
1361 2025 1476 2060 quem
1509 2012 1555 2047 nd

233 2074 390 2109 modum
420 2077 465 2109 ut
493 2073 619 2110 victor
647 2073 726 2109 fert
757 2073 975 2118 Hannibal,
1005 2072 1057 2108 sic
1086 2085 1152 2109 vos
1180 2075 1225 2108 ut
1254 2072 1347 2108 victi
1375 2073 1555 2118 audietis,

233 2139 272 2171 et
300 2148 378 2171 non
408 2135 456 2182 id,
488 2135 589 2183 quod
619 2135 832 2180 amittitur,
863 2135 904 2170 in
933 2135 1089 2181 damno,
1123 2147 1211 2170 cum
1240 2134 1371 2170 omnia
1399 2134 1556 2170 victoris

233 2197 325 2241 sint,
354 2195 419 2232 sed
449 2196 636 2245 quidquid
667 2196 906 2244 relinquitur
936 2208 1005 2244 pro
1042 2208 1206 2232 munere
1235 2195 1413 2231 habituri
1449 2196 1553 2232 estis.

179 2261 219 2290 20
237 2258 268 2293 6.
300 2257 451 2293 Urbem
481 2258 599 2302 vobis,
630 2269 750 2305 quam
783 2269 831 2293 ex
864 2268 1008 2305 magna
1041 2259 1153 2306 parte
1184 2256 1370 2303 dirutam,
1399 2259 1554 2304 captam

234 2318 314 2355 fere
342 2321 469 2355 totam
499 2318 631 2365 habet,
665 2318 815 2363 adimit,
845 2330 959 2366 agros
990 2317 1190 2366 relinquit,
1220 2316 1346 2353 locum
1379 2316 1553 2365 adsigna-
