1679 2553
175 146 197 183 6
732 153 836 188 ler,
868 152 946 178 xxi.

140 246 316 296 elegatis
350 246 393 282 in
429 248 610 282 senatum
648 243 882 281 introductis
914 242 960 280 de
988 255 1030 279 ro
1057 243 1210 292 publica
1240 243 1494 290 rettulissent,

175 308 462 358 placuissetque
491 306 598 342 mitti
627 306 778 354 legatos
805 304 847 340 in
879 304 1114 353 Hispaniam
1142 304 1192 340 ad
1220 317 1282 341 res
1309 304 1495 341 sociorum

121 381 157 409 10
175 368 447 419 inspiciendas,
505 367 540 403 4.
570 366 712 415 quibus
737 366 769 402 si
788 365 987 401 videretur
1015 364 1132 413 digna
1159 377 1288 410 causa,
1317 369 1358 401 et
1387 365 1498 402 Han-

177 430 299 467 nibali
319 428 613 474 denuntiarent,
634 431 680 464 ut
698 427 746 463 ab
768 425 1009 474 Saguntinis,
1031 426 1138 462 sociis
1163 426 1295 475 populi
1316 426 1498 472 Romani,

177 492 406 536 abstineret,
436 493 476 526 et
506 489 788 538 Carthaginem
816 488 858 524 in
887 487 1067 524 Africam
1085 488 1300 524 traicerent
1319 500 1364 525 ac
1383 488 1499 524 socio-

178 566 267 590 rum
295 552 429 602 populi
466 551 637 588 Romani
674 549 938 600 querimonias
967 547 1269 595 deferrent,—5.
1300 549 1371 586 hac
1400 549 1499 598 lega-

177 615 285 652 tione
304 614 458 651 decreta
478 613 642 649 necdum
662 612 793 658 missa,
813 611 987 648 omnium
1009 623 1075 659 spe
1094 611 1258 647 celerius
1278 611 1500 660 Saguntum

120 694 158 724 15
179 676 397 726 oppugnari
428 675 606 711 adlatum
640 678 709 710 est.
768 674 803 711 6.
832 673 941 709 Tunc
961 671 1087 709 relata
1108 672 1154 709 de
1184 673 1336 721 integro
1366 686 1426 709 rcs
1453 672 1500 709 ad

179 741 387 783 senatum3
415 741 455 773 et
493 736 560 772 alii
597 735 817 784 provincias
849 734 1069 770 consulibus
1109 734 1343 783 Hispaniam
1381 738 1502 783 atque

180 799 360 836 Africam
389 798 639 834 decernentes
672 801 780 832 terra
813 796 990 845 marique
1020 808 1100 831 rem
1134 796 1343 844 gerendam
1376 808 1502 832 censc-

180 862 289 906 bant,
309 860 377 896 alii
396 862 525 895 totum
545 859 587 894 in
608 858 647 894 H
653 858 710 907 isp
723 858 842 894 miam
871 856 1217 905 Hannibalemque
1245 856 1503 893 intendebant

180 922 348 968 bellum,
406 920 439 958 7.
470 924 596 966 erant,
618 920 783 968 quinon
803 922 949 955 temere
977 918 1208 954 movendam
1237 931 1319 954 rem
1349 922 1502 954 tantam

124 998 163 1029 20
182 982 519 1034 expectandosque
538 994 587 1018 ex
606 980 804 1029 Hispania
832 979 984 1029 legatos
1011 983 1224 1017 censerent.
1282 980 1394 1017 Haec
1421 992 1503 1016 sen-

181 1045 322 1089 tentia,
361 1056 462 1093 quae
498 1043 698 1079 tutissima.
736 1041 956 1087 videbatur,
990 1041 1109 1087 vicit3
1166 1042 1200 1077 8.
1230 1041 1429 1090 legatique
1460 1053 1504 1078 eo

183 1105 379 1143 maturius
394 1104 510 1149 missi,
528 1104 571 1141 P.
585 1103 772 1140 Valerius
788 1102 948 1139 Flaccus
963 1105 1002 1138 et
1019 1101 1062 1146 Q.
1082 1102 1248 1139 Baebius
1261 1102 1503 1152 Tamphilus,

186 1169 407 1217 Saguntum
426 1166 476 1202 ad
496 1165 766 1202 Hannibalem
794 1169 913 1213 atque
931 1163 1021 1200 inde
1052 1163 1346 1213 Carthaginem,
1366 1164 1398 1201 si
1425 1177 1505 1201 non

184 1229 442 1265 absisteretur
460 1227 571 1273 bello,
593 1225 643 1263 ad
663 1225 798 1262 ducem
818 1226 947 1275 ipsum
966 1224 1009 1261 in
1028 1237 1191 1274 poenam
1215 1225 1379 1262 foederis
1397 1226 1505 1275 rupti

128 1306 167 1336 25
185 1289 479 1339 deposcendum.

149 1418 169 1448 7
239 1409 332 1447 VII.
363 1410 470 1446 Dum
490 1422 535 1446 ea
556 1409 724 1445 Romani
744 1411 891 1456 parant
915 1407 1228 1457 consultantque,
1248 1408 1326 1444 iam
1355 1409 1504 1457 Sagun-

187 1478 274 1510 tum
297 1484 450 1508 summa
473 1471 513 1506 vi
535 1470 851 1519 oppugnabatur.
910 1469 944 1505 2.
975 1468 1124 1505 Civitas
1147 1481 1193 1506 ea
1214 1469 1330 1519 longe
1352 1470 1508 1518 opulen-

187 1535 339 1571 tissima
360 1533 466 1569 ultra
487 1532 682 1567 Hiberum
704 1530 793 1575 fuit,
816 1530 894 1566 sita
916 1542 1052 1579 passus
1076 1530 1181 1567 mille
1204 1530 1326 1568 ferme
1348 1544 1372 1567 a
1395 1531 1506 1567 mari.

189 1595 356 1634 Oriundi
392 1607 416 1630 a
452 1592 657 1641 Zacyntho
693 1592 822 1628 insula
859 1591 1054 1637 dicuntur,
1084 1592 1275 1640 mixtique
1302 1593 1423 1629 ctiam
1459 1592 1510 1628 ab

152 1662 169 1690 5
188 1657 321 1694 Ardea
354 1655 597 1692 Rutulorum
629 1653 788 1702 quidam
821 1652 996 1701 generis;
1026 1653 1059 1689 3.
1094 1656 1268 1689 ceterum
1299 1654 1342 1690 in
1374 1657 1510 1691 tantas

189 1719 297 1756 brevi
313 1720 518 1753 creverant
534 1728 623 1764 opes
642 1727 708 1751 seu
728 1714 934 1750 maritimis
949 1726 1016 1750 seu
1035 1714 1287 1751 terrestribus
1302 1714 1508 1759 fructibus,

190 1794 257 1817 seu
281 1777 548 1815 multitudinis
570 1777 821 1821 incremento,
842 1788 909 1812 seu
934 1775 1159 1824 disciplinae
1184 1776 1407 1821 sanctitate,
1434 1789 1511 1825 qua

191 1841 304 1877 fidem
317 1839 497 1876 socialem
513 1850 634 1886 usque
649 1837 698 1873 ad
720 1837 926 1885 perniciem
941 1849 1052 1873 suam
1069 1837 1284 1873 coluerunt.
1343 1838 1377 1874 4.
1401 1838 1511 1874 Han-

194 1902 301 1938 nibal
323 1901 466 1937 infesto
486 1899 659 1936 exercitu
676 1899 872 1947 ingressus
888 1898 982 1934 fines
997 1899 1233 1947 pervastatis
1248 1899 1391 1947 passim
1407 1899 1513 1948 agris

137 1977 174 2004 10
194 1964 329 2000 urbem
370 1961 570 2010 tripertito
611 1960 851 2008 adgreditur.
910 1960 944 1995 5.
979 1959 1164 2008 Angulus
1203 1960 1307 1996 muri
1345 1965 1433 1997 erat
1471 1961 1512 1996 in

192 2025 406 2075 planiorem
421 2023 759 2071 patentioremque
774 2034 892 2070 quam
913 2024 1041 2057 cetera
1055 2022 1156 2057 circa
1174 2021 1319 2057 vallem
1337 2034 1510 2071 vergens.

193 2086 394 2123 Adversus
413 2097 501 2120 eum
522 2083 656 2119 vineas
681 2095 795 2131 agero
818 2083 1005 2127 instituit,
1031 2095 1100 2131 per
1125 2095 1222 2131 quas
1247 2083 1347 2119 aries
1372 2083 1513 2120 moeni-

195 2149 266 2185 bus
299 2146 497 2182 admoveri
530 2150 668 2194 [osset.
727 2146 761 2181 6.
793 2145 866 2181 Sed
896 2148 942 2181 ut
973 2145 1078 2182 locus
1111 2144 1243 2193 procul
1276 2158 1387 2181 muro
1418 2145 1514 2182 satis

195 2221 311 2246 aecus
356 2207 516 2256 agendis
564 2206 685 2243 vincis
730 2205 820 2252 fuit,
866 2206 925 2242 ita
969 2205 1273 2255 haudquaquam
1321 2219 1512 2255 prospere,

137 2278 173 2306 15
196 2274 403 2320 postquam
424 2268 472 2304 ad
492 2268 673 2304 effectum
693 2267 818 2316 operis
838 2271 1000 2303 ventum
1020 2271 1090 2313 est,
1110 2267 1254 2316 coeptis
1273 2267 1512 2304 succedebat.

199 2332 234 2368 7.
274 2331 328 2367 Et
357 2330 479 2366 turris
508 2329 646 2377 ingens
682 2328 912 2374 inminebat,
945 2332 984 2365 et
1014 2341 1161 2374 murus,
1194 2332 1239 2365 ut
1268 2328 1308 2364 111
1338 2331 1514 2377 suspecto
