1679 2553
652 119 716 145 cn.
748 120 1009 147 xxm—xxiv.
1446 114 1490 150 21

176 217 287 257 esset,
317 213 490 260 agitaret
521 211 666 256 animo,
685 214 903 260 temperare
922 212 1042 248 oculis
1060 213 1300 261 nequivisse;
1348 214 1384 250 8.
1405 217 1493 252 tum
1524 219 1566 251 22

177 272 313 309 vidisse
341 276 427 321 post
446 285 525 309 sese
543 277 763 322 serpentem
793 274 893 310 mira
922 275 1195 323 magnitudine
1223 287 1313 311 cum
1341 275 1495 324 ingenti

175 335 360 371 arborum
387 347 431 371 ac
450 334 712 384 virgultorum
739 338 871 383 strage
904 334 999 371 ferri
1029 348 1075 372 ac
1106 340 1193 384 post
1224 336 1377 385 insequi
1407 349 1495 376 cum

147 395 330 445 (firagore
357 396 450 432 caeli
495 396 683 432 nimbum.
761 396 794 432 9.
825 396 937 441 Tum,
970 409 1070 445 quae
1112 397 1230 433 moles
1266 409 1312 434 ea
1352 389 1494 446 quidve

50 435 339 507 κ’ἧῖσξθῇἰῖοίΙἱξζὶἰ
366 461 476 504 esset,
514 462 770 506 quaerentem
798 458 950 494 audisse
971 459 1201 495 vastitatem
1222 459 1367 495 Italiae
1388 472 1489 498 esse:
1524 464 1563 494 30

174 523 352 569 pergeret
378 532 492 568 porro
518 520 574 556 ire
604 532 675 556 nec
705 520 812 556 ultra
844 520 1062 569 inquireret
1091 521 1314 568 sineretque
1334 520 1419 557 fata
1453 520 1492 556 in

172 581 321 618 occulto
347 594 438 618 esse.

225 700 374 739 XXIII.
407 702 494 738 Hoc
511 702 596 738 visu
616 701 742 737 laetus
760 701 962 750 tripertito
976 702 1171 738 Hiberum
1191 702 1319 750 copias
1337 702 1493 739 traiecit
1522 703 1563 733 23

172 764 398 813 praemissis,
421 764 487 813 qui
506 763 711 801 Gallorum
730 764 889 809 animos,
911 777 988 813 qua
1017 763 1280 800 traducendus
1299 765 1494 800 exercitus

172 829 269 870 erat,
292 825 400 862 (lonis
427 826 678 862 conciliarent
698 825 938 874 Alpiumque
957 825 1152 861 transitus
1184 825 1492 874 specularentur.

171 886 403 935 Nonaginta
424 887 530 923 milia
550 887 737 936 peditum,
754 887 953 923 duodecim
974 887 1082 923 milia
1103 888 1281 936 equitum
1298 887 1493 924 Hiberum

172 949 360 987 traduxit.
421 950 454 985 2.
486 949 674 997 Ilergetes
703 948 792 985 inde
827 949 1116 998 Bargusiosque
1144 953 1183 985 et
1204 950 1428 985 Ausetanos
1455 953 1493 985 et
1523 956 1540 985 5

174 1010 292 1047 Lacet
306 1011 436 1057 =niam,
458 1023 559 1059 quae
578 1010 753 1047 subiecta
773 1011 986 1059 Pyrenaeis
1015 1010 1214 1046 montibus
1233 1014 1303 1055 est,
1324 1010 1491 1059 subegit,

171 1084 338 1121 oraeque
371 1072 462 1108 huic
491 1072 597 1108 omni
626 1071 813 1121 praefecit
846 1072 1097 1115 Hannonem,
1133 1076 1178 1108 ut
1209 1071 1352 1118 fauces,
1389 1085 1490 1121 quae

173 1134 389 1183 Hispanias
417 1134 556 1171 Galliis
586 1134 758 1183 iungunt
787 1134 829 1170 in
861 1137 1057 1182 potestate
1085 1137 1224 1170 essent.
1284 1134 1316 1170 3.
1349 1133 1492 1170 Decem

172 1196 280 1233 milia
302 1195 478 1245 peditum
510 1195 701 1231 Hannoni
732 1195 780 1231 ad
801 1194 1037 1244 praesidium
1070 1195 1306 1232 obtinendae
1326 1195 1493 1244 regionis
1513 1220 1518 1224 -

171 1257 265 1295 data
285 1261 324 1294 et
344 1257 449 1294 mille
468 1257 626 1306 equites.
685 1257 720 1293 4.
751 1257 965 1305 Postquam
986 1269 1052 1305 per
1077 1256 1323 1304 Pyrenaeum
1345 1257 1491 1293 saltum
1526 1259 1563 1288 10

117 1325 127 1341 ‘⁷
170 1319 325 1357 traduci
379 1319 573 1355 exercitus
617 1323 676 1355 est
721 1322 890 1367 coeptus,
937 1330 1148 1366 rumorque
1193 1331 1263 1367 per
1308 1318 1494 1355 barbaros

0 1350 132 1424 Q
172 1381 349 1418 manavit
381 1380 522 1416 certior
540 1379 586 1416 de
605 1379 705 1416 bello
736 1379 925 1425 Romano,
947 1379 1024 1415 tria
1045 1379 1152 1415 milia
1185 1379 1274 1416 inde
1303 1380 1489 1428 Carpeta-

171 1456 310 1479 norum
330 1442 506 1492 peditum
539 1442 615 1477 iter
639 1444 881 1477 averterunt.
940 1440 1160 1477 Constabat
1180 1454 1258 1477 non
1277 1445 1362 1478 tam
1393 1441 1493 1478 bello

172 1509 295 1541 motos
328 1516 448 1552 quam
478 1502 766 1551 longinquitate
798 1503 883 1538 viae
913 1502 1299 1551 inexsuperabilique
1327 1502 1491 1551 Alpium

171 1566 354 1603 transitu.
431 1566 464 1602 5.
497 1564 710 1608 Hannibal,
733 1564 825 1613 quia
855 1576 1036 1600 revocare
1065 1567 1137 1600 aut
1168 1564 1206 1600 vi
1233 1564 1401 1600 retinere
1430 1576 1492 1601 eos
1529 1568 1566 1597 15

170 1640 312 1677 anceps
330 1630 429 1673 erat,
449 1639 499 1663 ne
517 1629 733 1662 ceterorum
760 1625 881 1662 etiam
901 1624 1047 1661 feroces
1075 1625 1197 1661 animi
1216 1625 1492 1673 imitarentur,

170 1703 290 1740 supra
317 1692 466 1738 septem
485 1688 594 1724 milia
624 1688 824 1723 hominum
856 1687 986 1723 domos
1012 1687 1172 1732 remisit,
1202 1699 1298 1736 quos
1324 1691 1364 1723 et
1392 1687 1493 1736 ipsos

173 1751 330 1801 gravari
362 1750 504 1786 militia
536 1753 722 1795 senserat,
744 1749 986 1797 Carpetanos
1016 1761 1169 1797 quoque
1190 1749 1240 1784 ab
1259 1760 1299 1784 se
1318 1748 1493 1784 dimissos

171 1813 368 1850 simulans.

224 1930 366 1969 XXIV.
397 1932 508 1977 Inde,
529 1944 578 1967 ne
611 1943 720 1967 mora
753 1934 874 1979 atque
907 1930 1032 1966 otium
1063 1930 1216 1966 animos
1248 1930 1489 1976 sollicitaret,
1527 1931 1570 1962 24

172 2008 258 2031 cum
278 1994 436 2043 reliquis
454 1993 572 2042 copiis
599 1993 845 2042 Pyrenaeum
864 1991 1157 2041 transgreditur
1176 1995 1216 2028 et
1236 1991 1285 2027 ad
1305 1991 1491 2040 oppidum

172 2056 329 2093 Iliberri
359 2059 488 2092 castra
520 2054 634 2091 locat.
692 2055 726 2090 2.
755 2053 872 2099 Galli,
894 2065 1135 2102 quamquam
1167 2052 1313 2089 Italiae
1345 2052 1491 2089 bellum

172 2118 308 2156 inferri
323 2117 550 2162 audiebant,
571 2120 717 2161 tamen,
738 2115 830 2164 quia
852 2114 889 2150 vi
916 2115 1097 2150 subactos
1115 2118 1225 2149 trans
1243 2114 1491 2162 Pyrenaeum

174 2180 371 2228 Hispanos
404 2178 513 2214 fama
553 2181 640 2213 erat
682 2176 954 2225 praesidiaque
995 2175 1124 2211 valida
1162 2175 1344 2224 inposita,
1382 2179 1489 2212 metu
1531 2177 1548 2205 5

171 2241 371 2279 servitutis
399 2240 446 2276 ad
481 2252 593 2275 arma
626 2239 879 2284 consternati⁷
902 2238 1167 2273 Ruscinonem
1187 2237 1338 2284 aliquot
1358 2236 1490 2285 populi

174 2303 420 2341 conveniunt.
480 2301 514 2339 3.
545 2300 655 2345 Quod
675 2300 742 2336 ubi
763 2299 985 2336 Hannibali
1003 2299 1233 2335 nuntiatum
1249 2302 1320 2345 est,
1340 2310 1490 2338 moram
