1679 2553
739 137 803 163 cn.
834 136 909 172 111„
939 136 1017 161 xm.
1489 125 1536 162 37

221 231 449 280 imperatori
480 229 586 280 apud
603 242 723 266 novos
747 229 891 265 milites
922 240 1048 277 pauca
1076 229 1196 265 verba
1224 229 1403 266 facienda
1432 232 1534 266 sunt.
1555 229 1597 260 ‘10

222 292 256 329 5.
285 292 349 329 Ne
367 304 490 341 genus
509 290 600 328 belli
619 302 717 327 neve
747 289 899 326 hostem
926 289 1125 338 ignoretis,
1147 302 1236 326 cum
1255 289 1302 326 iis
1330 293 1388 326 est
1417 290 1535 335 vobis,

219 353 375 400 milites,
394 352 662 402 pugnandum,
683 364 778 401 quos
796 355 905 389 terra
924 351 1101 401 marique
1120 351 1247 400 priore
1262 351 1361 387 bello
1380 351 1536 396 vicistis,

219 427 244 451 a
272 415 412 463 quibus
444 414 681 463 stipendium
708 426 778 462 per
798 412 938 462 viginti
966 425 1090 449 annos
1122 412 1314 461 exegistis,
1343 425 1367 449 a
1397 412 1594 461 quibus15

218 479 337 525 capta
356 475 446 513 belli
465 475 640 524 praemia
661 474 834 512 Siciliam
853 487 898 511 ac
919 473 1139 510 Sardiniam
1161 473 1325 510 habetis.
1384 473 1417 509 6.
1449 473 1536 509 Erit

217 537 339 587 igitur
357 537 399 573 in
418 537 488 574 1100
508 536 722 574 certamine
741 537 774 573 is
793 536 900 573 vobis
930 536 1083 584 illisque
1101 535 1269 582 animus,
1290 535 1357 584 qui
1385 534 1537 571 victori-

218 598 291 635 bus
309 601 350 635 011
369 598 481 635 victis
500 610 580 634 esse
593 598 698 635 solet.
758 597 792 635 7.
822 597 906 633 Nec
936 610 1041 633 nunc
1069 597 1138 642 illi,
1169 597 1262 646 quia
1281 595 1441 642 audent,
1471 596 1537 632 sed

218 659 310 708 quia
330 671 482 696 necesse
501 662 571 705 est,
591 657 810 708 pugnaturi
827 661 921 694 sunt
937 672 946 705 ς
975 658 1051 694 nisi
1070 657 1237 703 creditis,
1268 658 1336 706 qui
1364 657 1537 694 exercitu

217 720 401 757 incolumi
421 733 596 769 pugnam
616 720 897 766 detractavere,
918 732 980 755 eos
992 719 1144 756 duabus
1164 719 1344 768 partibus
1363 718 1537 767 peditum
1553 726 1592 756 20

217 782 472 831 equitumque
501 782 543 818 in
576 782 749 819 transitu
780 781 947 830 Alpium
975 781 1126 817 amissis
1159 780 1227 830 qui
1255 780 1386 829 plures
1414 793 1538 828 paene

217 844 406 893 perierint
424 856 544 892 quam
563 843 760 892 supersint
780 843 867 892 plus
886 843 967 891 spei
986 846 1122 878 nactos
1141 854 1232 878 esse.
1290 842 1325 878 8.
1354 841 1413 877 At
1432 841 1536 877 enim

217 905 330 954 pauci
376 904 531 954 quidem
577 908 682 951 sunt,
721 904 787 941 sed
828 904 1005 952 vigentes
1043 903 1185 939 animis
1222 903 1535 952 corporibusque,

217 979 381 1015 quorum
415 966 554 1002 robora
591 978 637 1002 ac
664 966 766 1002 vires
798 965 864 1001 vix
891 965 1084 1002 sustinere
1113 964 1173 1001 vis
1203 963 1285 1000 ulla
1312 964 1443 1013 possit.
1502 964 1534 1001 9.

218 1028 374 1077 Effigies
419 1028 549 1074 immo,
587 1028 752 1064 umbrae
798 1027 1014 1072 hominum,
1052 1025 1158 1063 fame
1195 1025 1352 1075 frigore,
1391 1025 1537 1062 inluvie
1553 1035 1593 1065 25

216 1089 396 1138 squalore
414 1090 551 1135 enecti,
581 1089 732 1125 contusi
760 1102 806 1125 ac
836 1088 1033 1125 debilitati
1060 1088 1165 1125 inter
1193 1100 1289 1123 saxa,
1317 1100 1511 1136 rupesque
1526 1101 1536 1134 3

215 1151 265 1188 ad
284 1151 356 1187 1100
381 1151 556 1200 praeusti
577 1154 699 1197 artus,
722 1151 811 1187 nive
843 1150 1017 1199 rigentes
1036 1150 1158 1196 nervi,
1180 1150 1356 1186 membra
1383 1148 1537 1198 torpida

215 1212 316 1262 gelu,
358 1215 546 1261 quassata
591 1211 798 1261 fractaque
840 1224 964 1257 arma,
1005 1211 1136 1248 claudi
1172 1224 1217 1247 ac
1255 1211 1398 1248 debiles
1435 1211 1534 1260 equi.

219 1274 276 1311 10.
308 1274 407 1311 Cum
437 1273 508 1310 hoc
536 1274 678 1323 equite,
707 1286 796 1310 011111
820 1273 891 1310 1100
910 1273 1039 1322 pedite
1068 1272 1287 1322 pugnaturi
1314 1272 1419 1319 estis,
1450 1272 1536 1308 reli-

216 1336 328 1385 quias
363 1339 561 1372 extremas
599 1336 782 1382 hostium,
821 1348 900 1372 non
938 1335 1090 1373 hostem
1123 1334 1287 1371 habetis.
1345 1335 1406 1371 Ac
1439 1335 1592 1371 111111130

215 1398 340 1446 magis
359 1409 506 1443 vereor,
526 1410 645 1446 quam
665 1410 727 1444 ne,
747 1409 835 1434 011111
855 1410 922 1434 vos
950 1398 1233 1447 pugnaveritis,
1254 1397 1376 1447 Alpes
1404 1397 1537 1433 vicisse

217 1459 487 1496 Hannibalem
508 1459 730 1497 videantur.
790 1459 848 1495 11.
881 1459 955 1496 Sed
974 1459 1033 1496 ita
1051 1458 1221 1496 forsitan
1241 1459 1427 1505 decuerit,
1448 1472 1536 1495 cum

216 1520 415 1558 foederum
434 1524 595 1570 ruptore
610 1521 705 1557 duce
717 1533 762 1556 ac
780 1521 922 1570 populo
941 1521 1030 1557 deos
1048 1521 1148 1570 ipsos
1162 1521 1244 1557 sine
1260 1520 1342 1557 ulla
1360 1521 1536 1557 humana

214 1597 285 1634 ope
315 1585 559 1621 committere
589 1597 634 1620 ac
672 1584 879 1633 profligare
916 1584 1073 1630 bellum,
1108 1596 1189 1630 nos,
1224 1583 1292 1632 qui
1323 1583 1533 1620 secundum

217 1645 305 1682 deos
324 1646 460 1682 violati
480 1658 626 1692 sumus,
646 1646 891 1682 commissum
913 1658 958 1682 ac
978 1645 1231 1694 profligatum
1248 1644 1469 1683 conficere.’'
1552 1657 1591 1687 35

266 1763 366 1802 XLI.
398 1766 528 1802 “Non
556 1777 702 1811 vereor,
732 1777 780 1801 ne
810 1765 897 1814 quis
929 1777 990 1801 me
1020 1765 1115 1801 haec
1145 1765 1267 1802 vestri
1298 1764 1535 1802 adhortandi
1550 1771 1591 1803 41

211 1839 328 1864 causa
346 1827 551 1876 magnifice
570 1827 675 1876 loqui
690 1826 898 1872 existimet,
915 1827 1041 1876 ipsum
1056 1827 1172 1863 aliter
1186 1826 1318 1863 animo
1337 1825 1535 1863 adfectum

213 1900 304 1925 esse.
364 1889 395 1926 2.
428 1889 559 1926 Licuit
577 1889 619 1925 in
640 1888 893 1937 Hispaniam,
913 1888 1152 1937 provinciam
1182 1901 1323 1935 meam,
1351 1901 1428 1937 quo
1456 1888 1535 1924 iam

212 1949 410 1999 profectus
428 1963 546 1998 eram,
568 1964 654 1987 cum
674 1950 847 1987 exercitu
862 1950 919 1986 ire
938 1962 1034 1996 meo,
1050 1950 1117 1986 ubi
1136 1953 1177 1987 et
1196 1949 1363 1986 fratrem
1383 1950 1532 1987 consilii

212 2012 443 2061 participem
473 2025 517 2049 ac
553 2012 714 2062 periculi
751 2013 894 2048 socium
931 2011 1127 2057 haberem,
1161 2015 1202 2048 et
1239 2011 1532 2048 Hasdrubalem
1553 2019 1572 2048 5

213 2074 343 2122 potius
361 2087 481 2124 quam
504 2074 773 2111 Hannibalem
801 2074 964 2120 hostem,
994 2077 1034 2110 et
1062 2073 1254 2110 minorem
1283 2073 1389 2110 haud
1417 2073 1533 2110 dubie

210 2135 350 2173 molem
370 2136 461 2173 belli
472 2150 483 2184 5
531 2136 565 2173 3.
595 2140 730 2173 tamen
749 2148 837 2173 cum
850 2135 1171 2185 praeterveherer
1190 2136 1358 2173 navibus
1378 2135 1532 2173 Galliae

211 2208 334 2244 oram,
355 2197 404 2234 ad
421 2196 573 2234 famam
592 2198 708 2234 huius
727 2197 848 2234 hostis
873 2198 917 2233 in
944 2200 1094 2233 terram
1122 2209 1298 2246 egressus
1323 2197 1533 2246 praemisso

213 2258 394 2306 equitatu
425 2258 476 2295 ad
509 2259 747 2296 Rhodanum
766 2258 872 2295 movi
899 2261 1040 2295 castra.
1097 2258 1130 2296 4.
1162 2258 1348 2308 Equestri
1376 2257 1532 2308 proelio,

214 2331 294 2374 qua
322 2323 437 2371 parte
463 2321 665 2371 copiarum
694 2319 922 2361 conserendi
953 2332 1114 2357 manum
1151 2320 1315 2363 fortuna
1350 2319 1444 2363 data
1467 2325 1537 2370 est,
1555 2324 1593 2362 lo
