1679 2553
676 132 739 158 cn.
769 131 982 158 mx.-mn.
1442 121 1487 159 57

227 223 306 262 Lx.
327 225 433 262 Dum
447 231 542 261 haec
555 224 598 262 in
609 223 732 261 Italia
745 227 950 273 geruntur,
980 222 1051 275 (2.)
1066 224 1135 262 Cn.
1151 223 1353 262 Cornelius
1366 224 1491 274 Scipio

177 287 217 323 in
249 286 488 336 Hispaniam
517 298 606 323 cum
637 285 754 322 classe
781 289 822 322 et
849 285 1023 323 exercitu
1052 286 1191 323 missus
1218 300 1307 325 cum
1327 287 1377 323 ab
1396 287 1492 324 ostio

177 348 359 385 Rhodani
376 347 570 397 profectus
598 347 896 397 Pyrenaeosque
924 351 1078 385 montes
1097 349 1380 386 circumvectus
1400 349 1491 385 Em-

177 410 302 459 porias
329 409 542 459 adpulisset
570 409 743 456 classem,
764 409 939 459 exposito
959 409 1012 446 ibi
1032 411 1217 457 exercitu,
1249 410 1320 461 (3.)
1341 423 1450 447 orsus
1469 423 1493 446 a

177 471 381 508 Lacetanis
399 484 552 508 omnem
580 483 689 508 oram
718 483 839 520 usque
867 471 918 507 ad
947 471 1144 508 Hiberum
1172 471 1319 509 flumen
1346 472 1493 521 partim

175 533 407 570 renovandis
425 533 674 570 societatibus
699 533 846 582 partim
873 534 984 570 novis
1009 533 1262 570 instituendis
1290 535 1493 571 Romanae

175 595 332 632 dicionis
359 594 464 631 fecit.
521 596 556 632 4.
586 594 686 632 Inde
714 595 918 631 conciliata
946 595 1175 633 clementiae
1201 595 1311 632 fama
1339 609 1416 632 non
1444 595 1493 631 ad

175 656 391 694 maritimos
426 656 538 693 modo
569 656 740 705 populos,
773 656 839 693 sed
868 657 910 693 in
939 657 1235 695 mediterraneis
1264 670 1416 707 quoque
1449 670 1494 693 ac

175 718 373 755 montanis
399 718 451 754 ad
482 717 685 755 ferociores
712 718 788 754 iam
821 722 958 767 gentes
990 719 1117 756 valuit
1132 733 1142 766 3
1172 732 1242 756 nec
1275 732 1349 768 pax
1382 719 1493 755 modo

175 779 279 829 apud
297 792 360 816 eos
377 779 443 817 sed
462 779 622 817 societas
640 779 761 816 etiam
788 792 988 817 armorum
1017 784 1134 829 parta
1161 784 1232 827 est,
1262 781 1493 829 validaeque

174 841 325 890 aliquot
343 841 580 878 auxiliorum
594 841 771 879 cohortes
785 854 832 878 ex
846 842 893 879 iis
907 843 1149 892 conscriptae
1161 846 1267 880 sunt.
1315 843 1350 880 5.
1381 843 1493 879 Han-

174 904 287 940 nonis
305 903 359 940 cis
379 904 574 940 Hiberum
593 903 792 953 provincia
812 908 915 942 erat:
943 917 1032 941 eum
1052 905 1266 953 reliquerat
1285 903 1491 941 Hannibal

175 965 225 1002 ad
253 965 422 1014 regionis
453 965 536 1002 eius
572 965 820 1014 praesidium.
888 965 1041 1015 Itaque,
1080 966 1308 1016 priusquam
1348 967 1491 1003 aliena-

175 1030 314 1064 rentur
345 1028 487 1073 omnia,
518 1027 672 1063 obviam
707 1027 881 1063 eundum
909 1030 1023 1064 ratus
1050 1028 1188 1065 castris
1214 1027 1258 1063 in
1285 1031 1494 1077 conspectu

175 1089 345 1125 hostium
364 1089 500 1138 positis
513 1089 555 1125 in
570 1089 692 1126 aciem
706 1089 852 1126 eduxit.
894 1090 928 1127 6.
949 1089 1033 1126 Noc
1046 1089 1225 1126 Romano
1240 1089 1493 1127 differendum

174 1153 374 1187 certamen
392 1150 529 1197 visum,
550 1150 693 1200 quippe
712 1151 780 1200 qui
798 1151 914 1187 sciret
933 1164 1022 1187 cum
1043 1151 1241 1188 Hannone
1259 1155 1300 1189 et
1320 1151 1495 1188 Hasdru-

175 1211 260 1249 bale
295 1212 368 1248 sibi
403 1212 664 1249 dimicandum
709 1224 789 1249 esse
836 1213 1049 1261 malletque
1095 1213 1282 1249 adversus
1323 1212 1496 1262 singulos

174 1274 384 1324 separat-im
407 1287 525 1323 quam
551 1274 738 1311 adversus
766 1273 860 1311 duos
887 1274 1003 1311 simul
1031 1287 1114 1312 rem
1143 1287 1289 1323 gerere.
1347 1275 1380 1312 7.
1411 1274 1494 1311 Nec

175 1336 308 1385 magni
339 1336 563 1373 certaminis
593 1348 640 1373 ea
673 1335 870 1372 dimicatio
907 1336 996 1374 fuit.
1068 1336 1144 1373 Sex
1182 1337 1289 1373 milia
1325 1337 1494 1374 hostium

174 1410 296 1443 caesa,
328 1397 403 1434 duo
430 1402 547 1448 capta
573 1410 662 1434 cum
689 1398 879 1447 pracsidio
906 1402 1147 1441 castrorunn
1177 1411 1269 1435 nam
1298 1402 1339 1435 et
1366 1403 1495 1435 castra

174 1462 402 1508 expugnata
437 1463 542 1505 sunt,
581 1462 701 1508 atque
732 1459 813 1508 ipse
843 1459 922 1495 dux
954 1472 1042 1496 cum
1072 1460 1223 1508 aliquot
1255 1460 1496 1509 principibus

175 1519 396 1568 capiuntur,
412 1523 452 1557 et
471 1520 597 1565 Cissis,
618 1520 848 1568 propincum
868 1520 1006 1556 castris
1020 1520 1216 1569 oppidum,
1230 1524 1493 1570 expugnatur.

176 1582 210 1618 8.
240 1581 424 1619 Ceterum
444 1581 589 1631 pracda
608 1581 739 1630 oppidi
758 1582 871 1630 parvi
898 1582 1016 1631 pretii
1042 1595 1175 1619 rerum
1203 1582 1292 1628 fuit,
1322 1583 1496 1633 supellex

174 1643 380 1681 barbarica
399 1655 445 1680 ac
463 1644 601 1680 vilium
620 1643 904 1692 mancipiorum
920 1656 928 1689 ;
986 1645 1022 1681 9.
1053 1647 1183 1681 castra
1203 1644 1370 1681 militem
1398 1645 1491 1682 dita-

175 1717 277 1753 vere,
296 1718 375 1742 non
393 1705 476 1742 eius
501 1705 613 1742 modo
640 1705 843 1751 exercitus,
873 1705 941 1755 qui
959 1705 1086 1743 victus
1112 1709 1211 1753 erat,
1240 1706 1306 1743 sed
1333 1709 1374 1743 et
1401 1707 1494 1754 eius,

175 1767 348 1816 quicum
369 1767 598 1804 Hannibale
617 1767 658 1803 in
688 1767 812 1803 Italia
840 1767 1050 1814 militabat,
1080 1768 1260 1806 omnibus
1286 1767 1369 1805 fere
1396 1769 1497 1805 caris

174 1829 302 1876 rebus,
348 1841 398 1866 ne
443 1829 582 1878 gravia
629 1828 898 1877 inpedimenta
945 1829 1164 1866 ferentibus
1209 1833 1349 1877 essent,
1394 1831 1495 1867 citra

175 1890 423 1940 Pyrenaeum
455 1890 611 1927 relictis.

227 2009 328 2048 LXI.
358 2010 595 2060 Priusquam
613 2013 721 2048 certa
739 2011 857 2048 huius
874 2011 993 2048 cladis
1010 2010 1121 2049 fama
1146 2012 1348 2059 accideret,
1369 2016 1490 2050 trans-

174 2084 328 2122 gressus
365 2072 561 2109 Hiberum
598 2071 828 2109 Hasdrubal
865 2084 955 2109 cum
991 2076 1076 2110 octo
1113 2074 1270 2111 milibus
1306 2073 1494 2124 peditum,

175 2133 281 2171 mille
299 2135 488 2183 equitum,
509 2137 713 2183 tamquam
732 2133 782 2170 ad
801 2134 973 2184 primum
992 2134 1206 2172 adventum
1227 2136 1496 2174 Romanorum

174 2207 432 2242 occursursus,
468 2198 676 2244 postquam
712 2194 884 2244 perditas
918 2208 980 2232 res
1016 2195 1066 2232 ad
1103 2196 1240 2233 Cissim
1277 2197 1496 2248 amissaque

174 2262 304 2293 castra
339 2256 500 2306 accepit,
537 2256 614 2293 iter
645 2256 696 2293 ad
733 2268 842 2293 mare
877 2257 1083 2294 convertit.
1142 2258 1175 2295 2.
1207 2258 1330 2295 Haud
1362 2260 1493 2308 procul

167 2319 389 2356 Tarracone
404 2319 577 2356 classicos
589 2318 732 2356 milites
743 2319 981 2368 navalesque
992 2319 1111 2357 socios
1123 2333 1238 2370 vagos
1249 2320 1495 2371 palantisque

1527 236 1569 267 60

1526 789 1564 819 10

1530 1099 1566 1129 15

1527 1407 1566 1436 20

1535 1714 1574 1743 25

1535 2020 1572 2051 61
