1679 2553
193 139 243 175 60
748 149 851 183 mvi',
882 148 961 174 xxl.

131 250 171 280 63
192 242 236 287 Q.
267 241 454 279 Claudius
482 241 668 278 tribunus
696 240 820 290 plebis
847 239 1033 276 adversus
1061 242 1241 276 senatum
1279 242 1399 288 atque
1430 252 1508 277 uno

133 318 171 348 10
193 308 351 354 patrum
370 303 584 340 adiuvante
605 303 645 340 O.
663 302 857 339 Flaminio
876 302 1037 348 tulerat,
1050 313 1099 338 ne
1118 301 1205 350 quis
1224 305 1381 338 senator
1399 301 1509 339 cuive

133 620 170 648 15

132 921 170 951 20

131 1232 171 1262 25

135 1553 173 1582 30

136 1861 174 1890 35

137 2161 177 2191 40

192 369 347 403 senator
374 369 488 415 pater
516 365 653 402 fuisset
682 363 925 401 maritimam
952 375 1106 410 navem,
1139 375 1240 412 quae
1271 362 1359 412 plus
1390 376 1509 413 quam

192 431 460 464 trecentarum
479 426 761 476 amphorarum
780 430 890 473 esset,
911 426 1087 463 haberet.
1145 425 1180 462 4.
1210 424 1259 461 Id
1287 425 1382 462 satis
1401 425 1509 462 habi-

193 494 279 526 tum
300 489 349 525 ad
370 488 524 525 fructus
543 501 590 524 ex
609 489 715 536 agris
733 487 944 524 vectandos
957 500 969 535 3
998 490 1183 536 quaestus
1195 486 1320 523 omnis
1331 486 1510 536 patribus

192 551 395 588 indecorus
421 549 537 586 visus.
595 549 673 586 Res
700 562 770 598 per
797 561 992 586 summam
1018 549 1308 586 contentionem
1337 550 1427 586 acta
1453 548 1510 585 in-

195 613 338 649 vidiam
365 611 469 660 apud
498 611 745 648 nobilitatem
779 611 925 647 suasori
961 610 1057 660 legis
1094 610 1299 657 Flaminio,
1336 610 1511 647 favorem

194 673 298 723 apud
326 673 477 723 plebem
505 673 754 721 alterumque
781 672 870 709 inde
898 672 1143 709 consulatum
1165 672 1328 722 peperit.
1386 673 1419 709 5.
1451 671 1511 709 Ob

194 736 290 772 haec
321 738 435 772 ratus
465 735 647 783 auspiciis
679 733 934 772 ementiendis
970 734 1286 783 Latinarumque
1323 733 1511 770 feriarum

195 810 305 834 mora
338 800 378 833 et
406 796 674 833 consularibus
702 796 789 833 aliis
818 796 1093 845 inpedimentis
1130 799 1354 833 retenturos
1390 808 1430 833 se
1467 796 1510 832 in

195 859 302 904 urbe,
337 859 519 895 simulato
552 858 693 895 itinere
724 858 904 907 privatus
934 858 1034 895 clam
1061 858 1103 895 in
1132 857 1373 907 provinciam
1401 858 1510 895 abiit.

198 920 230 957 6.
262 920 323 956 Ea
341 932 403 957 res
421 919 490 956 ubi
507 919 640 969 palam
660 919 768 956 facta
797 923 867 967 est,
889 933 1033 956 novam
1054 919 1214 969 insuper
1239 920 1341 956 iram
1359 918 1514 956 infestis

195 982 276 1019 iam
301 985 395 1019 ante
422 982 602 1031 patribus
629 981 753 1019 movit
767 995 777 1029 3
806 995 885 1019 non
912 995 1001 1019 cum
1030 986 1170 1019 senatu
1198 982 1320 1028 modo,
1341 981 1406 1018 sed
1434 981 1513 1018 iam

196 1055 285 1080 cum
305 1043 362 1080 dis
379 1043 654 1081 inmortalibus
666 1043 707 1081 O.
725 1043 963 1080 Flaminium
983 1044 1129 1081 bellum
1148 1056 1292 1093 gerere.
1350 1042 1382 1081 7.
1415 1043 1512 1080 Con-

197 1105 319 1143 sulem
339 1108 433 1141 ante
451 1105 698 1154 inauspicato
725 1105 876 1142 factum
895 1106 1169 1143 revocantibus
1187 1118 1234 1142 ex
1251 1106 1337 1154 ipsa
1356 1105 1438 1142 acie
1457 1105 1515 1142 dis

197 1171 316 1216 atque
331 1166 552 1204 hominibus
566 1179 644 1203 non
659 1167 834 1216 paruisse
842 1181 852 1215 3
881 1168 914 1204 8.
932 1180 1037 1204 nunc
1049 1167 1282 1205 conscientia
1295 1170 1514 1216 spretorum

197 1233 238 1267 et
258 1228 496 1278 Capitolium
516 1233 556 1265 et
574 1229 799 1266 sollemnem
814 1233 995 1266 votorum
1010 1229 1343 1279 nuncupationem
1357 1229 1513 1278 fugisse,

198 1304 247 1328 ne
285 1291 346 1327 die
383 1291 473 1327 initi
510 1291 765 1340 magistratus
811 1291 916 1327 Iovis
953 1291 1090 1340 opt-imi
1128 1291 1288 1327 maximi
1324 1290 1514 1340 templum

198 1353 326 1390 adiret
340 1367 350 1400 3
380 1365 429 1389 ne
447 1356 628 1389 senatum
652 1353 800 1389 invisus
823 1353 905 1402 ipse
929 1357 970 1390 et
997 1353 1069 1389 sibi
1089 1354 1158 1389 uni
1177 1353 1347 1389 invisum
1368 1353 1516 1389 videret

197 1414 494 1463 consuleretque
501 1428 512 1461 3
541 1427 591 1451 ne
606 1414 772 1451 Latinas
786 1415 974 1451 indiceret
987 1415 1150 1463 Iovique
1167 1414 1320 1451 Latiari
1333 1415 1516 1451 sollemne

199 1489 351 1513 sacrum
381 1476 422 1512 in
450 1480 583 1513 monte
602 1476 750 1513 faceret
765 1490 775 1523 3
804 1489 854 1513 ne
882 1477 1083 1525 auspicato
1110 1476 1307 1525 profectus
1334 1477 1376 1512 in
1405 1476 1516 1525 Capi—

198 1537 339 1575 tolium
364 1537 413 1574 ad
440 1541 532 1574 vota
557 1538 821 1587 nuncupanda
846 1539 1057 1588 paludatus
1084 1539 1175 1574 inde
1203 1551 1288 1575 cum
1316 1538 1517 1575 lictoribus

198 1599 240 1636 in
268 1599 510 1648 provinciam
537 1599 622 1637 iret.
683 1600 716 1636 9.
746 1600 869 1636 Lixae
901 1599 1013 1636 modo
1050 1600 1131 1635 sine
1168 1597 1397 1647 insignibus,
1434 1599 1516 1635 sine

198 1660 402 1697 lictoribus
421 1660 640 1709 profectum
660 1660 772 1707 clam,
793 1660 945 1707 furtim,
966 1661 1069 1697 haud
1089 1661 1205 1697 aliter
1223 1673 1343 1710 quam
1362 1660 1393 1697 si
1413 1661 1517 1697 exilii

199 1734 316 1758 causa
345 1721 469 1759 solum
497 1722 688 1759 vertisset.
749 1722 807 1760 10.
839 1721 970 1771 Magis
998 1735 1067 1771 pro
1104 1723 1309 1758 maiestate
1340 1722 1518 1759 riclelicet

199 1784 354 1833 imperii
372 1783 549 1820 Arimini
575 1797 691 1833 quam
721 1784 870 1821 Romae
897 1784 1177 1833 magistratum
1205 1784 1398 1820 initurum
1417 1788 1457 1821 et
1476 1785 1517 1820 in

201 1845 418 1882 deversorio
448 1845 632 1894 hospitali
665 1858 783 1894 quam
813 1846 918 1894 apud
953 1849 1115 1895 penates
1151 1858 1239 1882 suos
1271 1849 1518 1894 praetextam

200 1909 461 1956 sumpturum.
532 1906 590 1943 ll.
635 1906 912 1943 Revocandum
951 1907 1124 1943 universi
1159 1907 1517 1956 retrahendumque

200 1971 439 2005 censuerunt
463 1971 504 2005 et
525 1967 743 2017 cogendum
766 1968 946 2005 omnibus
970 1968 1078 2017 prius
1102 1973 1350 2017 praesentem
1367 1968 1410 2005 in
1429 1968 1517 2006 deos

200 2029 453 2078 hominesque
481 2028 596 2078 fungi
627 2030 770 2077 officiis,
801 2042 922 2078 quam
954 2030 1004 2066 ad
1037 2030 1252 2066 exercitum
1284 2033 1324 2067 et
1359 2030 1402 2066 in
1429 2043 1516 2080 pro-

201 2090 370 2128 vinciam
390 2091 475 2127 iret.
536 2091 594 2127 12.
626 2090 677 2127 In
705 2103 791 2127 eam
820 2091 1260 2140 legationem—legatos
1283 2091 1385 2128 enim
1411 2091 1518 2128 mitti

201 2151 350 2202 placuit
359 2152 449 2196 ——Q.
471 2151 680 2188 Terentius
704 2155 745 2188 et
768 2151 824 2190 M.
845 2151 1049 2188 Antistius
1067 2152 1232 2201 profecti
1251 2152 1374 2189 nihilo
1393 2153 1518 2203 magis

201 2224 292 2250 eum
324 2216 533 2249 moverunt
570 2224 690 2261 quam
726 2212 856 2261 priore
884 2212 1089 2249 consulatu
1116 2213 1274 2250 litterae
1311 2217 1517 2251 moverant

201 2273 252 2311 ab
297 2276 436 2310 senatu
483 2273 632 2312 missae.
711 2273 768 2312 13.
812 2273 961 2310 Paucos
997 2277 1085 2322 post
1121 2274 1202 2311 dies
1239 2275 1515 2324 magistratum

202 2335 302 2382 iniit,
340 2335 626 2385 inmolant-,ique
663 2335 698 2372 ei
733 2335 882 2372 vitulus
918 2336 998 2372 iam
1035 2336 1136 2373 ictus
1167 2349 1188 2373 e
1225 2337 1404 2374 manibus
1438 2350 1517 2376 sac-
