1679 2553
217 135 267 172 40
770 145 875 181 ΜΠ,
905 146 985 171 m.

148 243 192 274 43
216 251 262 274 ac
279 237 502 287 vigentibus
519 237 726 275 transitae.
774 238 807 274 5.
840 237 917 274 Hic
935 237 1170 274 vincendum
1189 240 1260 274 aut
1280 238 1533 284 moriendum,

147 436 185 466 15

144 740 184 771 20

143 1047 182 1077 25

143 1407 184 1439 30

216 300 371 345 milites,
391 303 461 345 est,
477 300 545 336 ubi
560 299 730 348 primum
744 298 848 335 hosti
859 299 1089 336 occurristis.
1141 299 1194 336 Et
1209 299 1345 336 eadem
1363 299 1535 347 fortuna,

215 374 316 410 quae
353 361 624 398 necessitatem
662 360 865 409 pugnandi
907 360 1091 408 inposuit,
1129 360 1304 410 praemia
1338 361 1447 398 vobis
1491 374 1537 398 ea

215 423 426 459 victoribus
462 426 656 472 proponit,
695 423 835 471 quibus
871 423 1059 470 ampliora
1096 422 1272 459 homines
1308 434 1358 459 ne
1394 423 1445 459 ab
1481 422 1537 460 dis

214 484 370 533 quidem
388 484 664 521 inmortalibus
677 488 815 533 optare
842 485 977 522 solent.
1037 485 1070 522 6.
1104 484 1144 521 Si
1173 483 1347 521 Sic-iliam
1375 487 1537 521 tantum

214 559 258 582 ac
296 546 519 583 Sardiniam
555 546 784 595 parentibus
821 547 966 582 nostris
1013 549 1168 595 ereptas
1212 548 1349 582 nostra
1387 545 1537 582 virtute

213 608 481 657 recuperaturi
517 619 698 654 essemus,
736 608 832 644 satis
868 611 1003 644 tamen
1041 607 1174 657 ampla
1211 607 1338 656 pretia
1382 610 1511 644 essent
1525 621 1536 656 3

214 682 330 715 nunc,
350 669 539 718 quidquid
558 669 729 706 Romani
748 672 809 705 tot
823 669 1038 718 triumphis
1052 672 1213 718 partum
1234 671 1538 718 congestumque

213 730 420 779 possident,
440 730 480 767 id
498 743 613 768 omne
630 734 806 767 vestrum
825 743 914 767 cum
942 730 1034 779 ipsis
1061 730 1227 767 dominis
1254 730 1436 767 futurum
1463 734 1534 768 est.

216 792 248 829 7.
280 793 331 828 In
361 792 464 828 hano
495 795 581 829 tam
611 793 781 841 opimam
813 792 1042 836 mercedem,
1073 792 1178 841 agite
1209 792 1314 839 dum,
1348 792 1407 828 dis
1438 792 1537 829 bene

212 854 443 891 iuvantibus
460 866 571 890 arma
590 854 727 903 capite.
776 855 811 891 8.
843 854 948 890 Satis
968 854 1096 890 adhuc
1114 854 1156 889 in
1172 854 1293 890 vastis
1307 853 1537 891 Lusitaniae

213 915 523 964 Celtiberiaeque
542 916 742 953 montibus
761 929 898 965 pecora
918 915 1174 953 consectando
1203 915 1359 952 nullum
1388 915 1533 952 emolu-

213 980 393 1013 mentum
429 980 490 1013 tot
526 977 705 1015 laborum
736 978 1075 1027 periculorumque
1105 969 1326 1014 vestrorum
1358 976 1536 1025 vidistis3

215 1040 248 1076 9.
278 1042 435 1088 tempus
453 1042 512 1075 est
531 1039 611 1075 iam
631 1040 818 1088 opulenta
838 1053 906 1077 vos
926 1053 970 1076 ac
989 1041 1088 1076 ditia
1117 1040 1312 1089 stipendia
1339 1036 1468 1075 {acere
1495 1040 1536 1075 et

212 1113 355 1149 magna
375 1113 515 1149 operae
534 1101 660 1150 pretia
679 1102 832 1148 mereri,
847 1105 1007 1138 tantum
1028 1101 1180 1138 itineris
1208 1113 1277 1149 per
1294 1103 1356 1136 tot
1385 1103 1536 1136 montes

211 1162 452 1210 fluminaque
471 1165 512 1199 et
531 1166 590 1199 tot
616 1167 792 1200 armatas
821 1166 958 1212 gentes
985 1174 1170 1199 emensos.
1231 1162 1289 1199 10.
1321 1162 1400 1197 Hic
1429 1161 1535 1198 vobis

210 1223 424 1259 terminum
460 1223 642 1260 laborum
671 1224 833 1261 fortuna
865 1224 994 1270 dedit;
1038 1225 1099 1261 hic
1129 1223 1289 1272 dignam
1319 1223 1533 1260 mercedem

211 1285 383 1321 emeritis
411 1285 615 1333 stipendiis
643 1286 765 1323 dabit.

266 1406 323 1442 11.
356 1407 378 1425 “
391 1404 433 1441 N
434 1417 476 1442 eo
494 1417 614 1454 quam
634 1406 767 1455 magni
786 1406 954 1443 nominis
973 1405 1120 1443 bellum
1137 1407 1209 1451 est,
1228 1408 1314 1442 tam
1341 1404 1531 1442 difficilem

207 1466 477 1504 existimaritis
509 1467 711 1503 victoriam
750 1467 857 1514 fore3
896 1480 1011 1516 saepe
1047 1471 1087 1505 et
1123 1470 1373 1516 contemptus
1408 1466 1532 1504 hostis

207 1532 415 1565 cruentum
434 1532 634 1565 certamen
653 1529 786 1576 edidit,
806 1532 847 1566 et
869 1529 997 1565 incliti
1016 1528 1150 1578 populi
1177 1541 1364 1578 regesque
1382 1529 1531 1578 perlevi

207 1593 404 1626 momento
436 1589 531 1626 victi
564 1593 669 1627 sunt.
729 1591 787 1627 12.
818 1590 923 1627 Nam
962 1590 1120 1640 dempto
1156 1589 1228 1627 hoc
1266 1603 1345 1627 uno
1376 1589 1529 1640 fulgore

206 1651 374 1687 nominis
408 1652 580 1688 Romani
613 1651 707 1700 quid
738 1655 807 1698 est,
837 1665 907 1688 cur
933 1652 992 1689 illi
1019 1652 1128 1688 vobis
1155 1652 1393 1701 conpamndi
1422 1652 1528 1689 sint?

142 1723 182 1754 35
209 1713 265 1749 13-
298 1713 338 1748 U
341 1716 360 1750 t
380 1713 519 1753 viginti
540 1726 735 1750 annorum
763 1714 945 1751 militiam
974 1717 1148 1751 vestram
1167 1727 1256 1750 cum
1276 1713 1346 1750 illa
1365 1713 1526 1760 virtute,

203 1787 291 1810 cum
319 1774 387 1810 illa
415 1775 579 1812 fortuna
608 1779 771 1823 taceam,
792 1776 843 1812 ab
872 1776 1058 1812 Herculis
1076 1776 1279 1819 columnis,
1302 1777 1353 1812 ab
1373 1777 1526 1812 Oceano

203 1836 458 1885 terminisque
476 1837 626 1874 ultimis
645 1841 844 1874 terrarum
863 1850 933 1886 per
949 1841 1012 1873 tot
1031 1836 1285 1874 ferocissimos
1305 1837 1525 1886 Hispaniae

202 1901 242 1933 et
262 1897 412 1934 Galliae
427 1899 588 1946 populos
608 1898 808 1936 vincentes
827 1899 904 1936 huc
922 1898 1156 1948 pervenistis
1167 1912 1178 1946 3
1211 1899 1268 1935 14.
1299 1898 1526 1948 pugnabitis

200 1971 288 1995 cum
318 1960 490 1996 exercitu
518 1960 657 2006 tirone,
687 1960 762 1997 hac
788 1961 874 2009 ipsa
906 1963 1058 1997 aestate
1089 1972 1199 1997 caeso
1232 1961 1335 1997 victo
1359 1960 1522 1997 eircum-

138 2031 180 2061 ‹20
200 2033 300 2057 sesso
329 2034 352 2057 a
373 2021 508 2067 Gallis,
537 2021 671 2070 ignoto
700 2022 828 2058 adhue
856 2021 944 2058 duci
976 2035 1045 2058 suo
1074 2021 1354 2071 ignorantique
1373 2021 1520 2059 ducem.

138 2335 177 2364 45

203 2082 260 2118 15.
291 2082 361 2118 An
376 2095 437 2118 me
457 2083 499 2118 in
518 2083 714 2131 praetorio
733 2083 872 2132 patris,
892 2083 1097 2120 clarissimi
1125 2083 1383 2132 imperatoris,
1403 2095 1522 2132 prope

199 2146 350 2190 natum,
389 2147 495 2181 corte
531 2144 729 2192 eductum,
764 2145 994 2182 domitorem
1027 2145 1248 2194 Hispaniae
1280 2144 1519 2194 Galliaeque,

197 2204 381 2241 victorem
401 2206 566 2242 eundem
581 2219 660 2242 non
674 2206 913 2255 Alpinarum
931 2207 1043 2243 modo
1058 2207 1236 2255 gentium
1253 2205 1317 2243 sed
1329 2206 1517 2255 ipsarum,

195 2266 297 2314 quod
319 2267 443 2303 multo
462 2267 591 2303 maius
610 2272 680 2314 est,
701 2269 877 2318 Alpium,
894 2281 982 2305 cum
1002 2268 1208 2306 semenstri
1227 2268 1300 2304 hoc
1319 2267 1517 2305 conferam

196 2327 300 2374 duce,
317 2327 510 2366 desertore
530 2329 721 2367 exercitus
738 2330 827 2368 sui?
876 2330 934 2368 16.
966 2330 1039 2367 Oui
1059 2331 1091 2367 si
1110 2330 1197 2379 quis
1212 2329 1383 2380 demptis
1394 2329 1515 2382 signis
