1679 2553
203 161 251 197 32
757 171 860 205 LIVY,
889 171 969 196 xxl.

146 275 187 305 34
201 264 446 301 oboedienter
490 263 685 314 imperata
731 262 905 300 facturos
920 275 930 309 3
978 264 1240 299 commeatum
1287 262 1516 312 itinerisque

202 327 317 363 duces
334 330 374 363 et
393 326 442 363 ad
462 326 577 362 fidem
605 325 881 375 promissorum
910 325 1059 362 obsides
1078 324 1282 374 acciperet.
1339 325 1374 362 4.
1407 325 1518 361 Han-

201 388 309 425 nibal
341 401 411 424 nec
442 391 586 425 temere
618 387 851 424 credendum
889 399 959 423 nec
992 386 1282 435 aspernandum
1315 390 1438 432 ratus,
1472 399 1520 423 ne

148 464 185 492 10
201 449 397 499 repudiati
424 453 558 499 aperte
589 450 719 487 hostes
750 450 901 496 fierent,
929 449 1097 497 benigne
1128 461 1217 484 cum
1247 449 1518 497 respondisset,

201 511 409 558 obsidibus,
447 524 541 560 quos
578 512 738 558 dabant,
777 511 944 561 acceptis
980 514 1019 548 et
1055 514 1287 556 commeatu,
1325 523 1440 559 quem
1479 510 1520 547 in

202 574 307 610 viam
345 573 416 622 ipsi
453 573 690 620 detulerant,
722 587 815 611 usus
852 586 1103 623 nequaquam
1141 576 1187 609 ut
1224 573 1329 609 inter
1365 577 1521 621 pacatos

202 636 398 684 conposito
444 636 600 684 agmine
645 635 760 672 duces
805 648 939 672 eorum
995 635 1184 684 sequitur.
1260 635 1292 672 5.
1343 634 1517 671 Primum

202 709 344 746 agmen
376 697 577 746 elephanti
609 700 648 734 et
685 697 834 746 equites
865 700 992 743 erant,
1025 697 1106 745 ipse
1142 700 1228 745 post
1261 709 1348 732 cum
1386 697 1522 733 robore

148 773 184 801 15
202 759 378 808 peditum
433 759 758 809 circumspectans
802 758 935 796 omnia
990 758 1256 807 sollicitusque
1301 758 1516 796 incedebat.

205 821 239 858 6.
271 820 353 858 Ubi
370 821 413 856 in
433 822 700 870 angustiorem
719 820 824 857 viam
843 824 883 857 et
911 823 1025 869 parte
1043 820 1170 856 altera
1197 820 1413 857 subiectam
1431 821 1522 870 iugo

202 884 362 932 insuper
388 883 599 919 inminenti
626 886 790 920 ventum
818 886 889 929 est,
910 883 1082 932 undique
1110 895 1157 918 ex
1184 882 1335 919 insidiis
1362 883 1521 919 barbari

202 958 226 981 a
252 944 385 981 fronte
420 945 471 981 ab
507 948 618 994 tergo
654 945 775 982 coorti
804 945 1020 982 comminus
1057 945 1209 980 eminus
1245 947 1398 992 petunt,
1429 956 1523 981 saxa

202 1006 381 1056 ingentia
417 1006 460 1043 in
496 1020 636 1056 agmen
667 1007 892 1044 devolvunt.
969 1005 1002 1044 7.
1034 1005 1212 1042 Maxima
1242 1006 1292 1042 ab
1327 1007 1523 1055 tergo-vis

146 1079 184 1108 20
203 1068 406 1104 hominum
426 1069 604 1118 urgebat.
653 1069 703 1105 In
723 1082 785 1106 eos
797 1081 910 1106 versa
930 1068 1107 1117 peditum
1122 1067 1222 1105 acies
1241 1068 1348 1104 haud
1361 1068 1522 1104 dubium

202 1129 308 1176 feeit,
337 1130 444 1180 quin,
478 1131 552 1167 nisi
582 1131 740 1167 firmata
770 1135 948 1167 extrema
977 1130 1146 1179 agminis
1178 1129 1358 1177 fuissent,
1386 1130 1524 1179 ingens

203 1192 245 1228 in
274 1204 318 1228 eo
350 1193 455 1229 saltu
485 1193 709 1242 accipienda
741 1193 869 1229 clades
897 1192 1032 1230 fuerit.
1090 1193 1123 1230 8.
1155 1192 1265 1229 Tunc
1294 1205 1448 1242 quoque
1474 1192 1524 1229 ad

203 1258 423 1291 extremum
443 1255 605 1304 periculi
624 1268 670 1292 ac
687 1267 806 1304 prope
825 1254 1036 1303 perniciem
1052 1257 1214 1291 ventum
1235 1258 1304 1291 est.
1363 1255 1396 1291 9.
1418 1254 1523 1291 Nam

204 1316 297 1353 dum
330 1321 539 1354 cunctatur
572 1317 777 1353 Hannibal
810 1316 1015 1353 demittere
1050 1329 1192 1365 agmen
1229 1316 1271 1352 in
1308 1316 1521 1366 angustias,

146 1391 185 1420 25
203 1379 295 1427 quia
328 1391 418 1425 non,
448 1382 494 1415 ut
521 1379 602 1428 ipse
639 1379 836 1427 equitibus
874 1378 1068 1427 praesidio
1096 1382 1195 1424 erat,
1234 1378 1291 1414 ita
1328 1378 1523 1427 peditibus

204 1441 414 1490 quicquam
455 1441 505 1477 ab
553 1445 662 1489 tergo
704 1441 842 1476 auxilii
888 1440 1115 1489 reliquerat,
1163 1444 1410 1476 occursantes
1455 1453 1525 1490 per

203 1503 361 1552 obliqua
390 1503 570 1539 montani
597 1503 821 1552 interrupto
854 1503 979 1540 medio
1006 1503 1163 1552 agmine
1191 1503 1295 1538 viam
1327 1502 1524 1550 insedere3

204 1577 358 1614 noxque
387 1578 467 1601 una
498 1565 722 1601 Hannibali
757 1565 840 1602 sine
869 1565 1067 1614 equitibus
1099 1568 1219 1614 atque
1248 1564 1524 1613 inpedimentis

204 1631 294 1664 acta
314 1630 384 1664 est.

149 1758 188 1789 35
257 1746 413 1785 XXXV.
443 1749 603 1786 Postero
623 1749 683 1786 die
702 1749 781 1786 iam
801 1750 957 1799 segnius
976 1749 1331 1786 intercursantibus
1349 1748 1526 1785 barbaris

204 1810 363 1846 iunctae
396 1811 528 1860 copiae
564 1811 766 1860 saltusque
803 1811 911 1848 haud
950 1811 1034 1847 sine
1066 1811 1188 1858 clade,
1212 1811 1357 1847 maiore
1389 1814 1525 1847 tamen

204 1873 469 1909 iumentorum
500 1885 620 1921 quam
650 1873 854 1909 hominum
885 1873 1056 1922 pernicie
1085 1876 1304 1922 superatus.
1362 1873 1396 1908 2.
1427 1872 1526 1909 Inde

205 1934 384 1971 montani
403 1935 603 1984 pauciores
630 1935 710 1971 iam
729 1938 769 1971 et
796 1935 993 1971 latrocinii
1011 1935 1137 1984 magis
1164 1947 1284 1984 quam
1303 1934 1394 1970 belli
1421 1947 1526 1971 more

153 2042 156 2044 ,
173 2007 190 2036 5
205 1997 491 2034 concursabant
510 1997 622 2034 modo
641 1998 683 2034 in
701 1998 874 2048 primum
893 1997 1004 2034 modo
1031 1997 1074 2033 in
1093 1996 1345 2033 novissimum
1372 2008 1525 2045 agmen,

147 2067 150 2068 ’
205 2062 418 2108 utcumque
454 2062 527 2096 aut
562 2059 668 2096 locus
703 2060 1040 2109 opportunitatem
1078 2059 1202 2105 daret,
1235 2061 1307 2095 aut
1334 2058 1526 2108 progressi

206 2121 398 2157 morative
416 2121 591 2170 aliquam
611 2122 847 2159 occasionem
866 2122 1058 2159 fecissent.
1115 2122 1149 2159 3.
1180 2119 1406 2169 Elephanti,
1426 2120 1526 2157 sicut

206 2194 275 2231 per
294 2186 404 2219 artas
422 2184 656 2233 praecipites
673 2184 757 2221 vias
776 2197 922 2233 magna
937 2196 1048 2221 mora
1068 2184 1300 2232 agebantur,
1313 2182 1372 2218 ita
1391 2185 1524 2219 tutum

206 2244 257 2280 ab
284 2243 473 2291 hostibus,
502 2258 748 2295 quacumque
776 2245 1010 2292 incederent,
1044 2246 1137 2295 quia
1165 2244 1330 2281 insuetis
1357 2243 1526 2280 adeundi

157 2312 193 2342 10
205 2306 364 2355 propius
383 2311 512 2344 metus
531 2311 630 2353 erat,
651 2320 794 2357 agmen
812 2307 1067 2357 praebebant.

262 2367 298 2405 4.
326 2367 443 2406 Nono
463 2369 525 2407 die
543 2369 586 2406 in
614 2370 752 2419 iugum
786 2370 948 2419 Alpium
980 2372 1215 2420 perventum
1234 2371 1294 2406 est
1323 2381 1393 2417 per
1420 2367 1526 2406 invia
