1679 2553
651 128 718 156 011.
747 128 858 164 Χῖαι,
887 129 998 155 xmn.
1439 117 1487 154 39

168 234 269 259 nova
288 221 437 271 possint
463 220 669 271 praesidia.
725 219 805 257 Hic
831 223 892 258 est
918 221 1166 267 obstandum,
1195 220 1350 266 milites,
1380 219 1489 256 velut
1513 227 1555 262 41

168 283 200 320 si
227 287 321 320 ante
348 283 530 321 Romana
558 282 710 319 moenia
737 294 966 331 pugnemus.
1026 283 1084 319 16.
1114 282 1233 319 Unus
1260 281 1423 330 quisquo
1449 294 1489 319 se

168 358 247 382 non
278 358 417 395 corpus
448 357 574 391 suum,
607 344 672 381 sed
706 343 909 391 coniugem
940 356 986 380 ac
1014 343 1155 380 liberos
1191 355 1333 392 parvos
1368 344 1489 380 armis

167 410 370 456 protegere
406 409 519 456 putet
535 419 545 453 3
587 418 656 443 nec
692 405 922 442 domesticas
954 405 1079 442 solum
1110 405 1234 453 agitet
1264 417 1390 452 curas,
1423 404 1489 442 sed

166 467 378 505 identidem
397 468 468 506 hoc
496 468 627 505 animo
653 470 824 516 reputet,
852 470 1008 503 nostras
1033 479 1140 502 nune
1172 466 1319 502 intueri
1347 479 1489 503 manus

166 532 348 566 senatum
388 529 651 579 populumque
689 529 939 574 Romanum3
998 528 1057 565 17.
1087 527 1215 576 qualis
1251 531 1387 564 nostra
1430 528 1489 565 vis

167 592 366 640 virtusque
412 591 545 637 fuerit,
590 590 713 627 talem
749 589 887 626 deinde
917 590 1120 627 fortunam
1157 589 1261 626 illius
1298 589 1408 626 urbis
1444 602 1488 627 ac

167 652 338 690 Romani
365 652 521 701 imperii
549 650 664 689 fore.’'
722 652 833 688 Haeo
865 651 970 701 apud
1001 651 1198 688 Romanos
1231 651 1377 688 consul.

218 771 341 810 XLII.
373 773 580 811 Hannibal
616 773 731 810 rebus
768 773 876 822 prius
905 786 1025 822 quam
1057 774 1186 810 verbis
1222 774 1488 811 adhortandos

166 836 310 873 milites
336 838 448 872 ratus
475 834 716 871 circumdabo
738 834 788 871 ad
816 835 1083 884 spectaculum
1111 836 1285 872 exercitu
1312 835 1488 884 captivos

166 900 374 935 montanos
401 896 550 932 vinctos
578 896 619 933 in
647 896 771 933 medio
799 897 954 943 statuit,
983 898 1179 945 armisque
1207 897 1366 933 Gallicis
1394 900 1487 933 ante

165 959 280 1010 pedes
298 971 433 996 eorum
451 958 631 1007 proiectis
648 958 893 1008 interrogare
912 959 1165 1007 interpretem
1192 959 1317 1005 iussit,
1345 958 1485 1007 ecquis,

165 1021 197 1057 si
229 1020 394 1057 vinculis
422 1019 622 1056 levaretur
658 1032 844 1069 armaque
874 1023 913 1057 et
946 1032 1091 1069 equum
1125 1020 1250 1056 victor
1282 1020 1485 1069 acciperet,

165 1083 365 1120 decertare
400 1080 504 1118 ferro
541 1082 669 1119 vellet.
727 1083 759 1120 2.
793 1082 892 1118 Cum
929 1082 979 1118 ad
1015 1095 1139 1118 unum
1171 1094 1304 1118 omnes
1336 1081 1486 1118 ferrum

165 1156 416 1194 pugnamque
434 1147 648 1192 poscerent,
669 1147 709 1180 et
728 1143 876 1180 deiecta
895 1145 935 1180 in
955 1144 995 1180 id
1014 1156 1096 1180 sors
1124 1148 1235 1190 essct,
1256 1156 1295 1180 se
1324 1143 1486 1193 quisquc

165 1219 254 1243 eum
279 1205 454 1255 optabat,
474 1218 591 1255 quem
618 1204 780 1242 fortuna
808 1205 850 1241 in
878 1205 917 1241 id
944 1208 1144 1242 certamen
1171 1205 1330 1253 legeret,
1360 1205 1483 1241 euius-

165 1281 241 1317 que
267 1280 349 1304 sors
376 1267 584 1314 exciderat,
604 1267 732 1304 alacer
750 1267 855 1304 inter
874 1267 1123 1317 gratulantes
1143 1267 1284 1315 gaudio
1304 1267 1486 1303 exultans

164 1343 254 1367 cum
290 1329 352 1366 sui
386 1328 505 1366 moris
539 1329 723 1378 tripudiis
752 1341 863 1365 arma
896 1329 1044 1377 raptim
1077 1328 1266 1378 capiebat.
1338 1328 1374 1365 3.
1404 1328 1482 1364 Ubi

164 1404 256 1430 vero
291 1391 534 1437 dimicarent,
563 1390 596 1427 is
622 1390 780 1427 habitus
807 1391 1029 1427 animorum
1066 1403 1146 1426 non
1181 1390 1287 1426 inter
1315 1389 1484 1427 eiusdem

165 1454 277 1491 modo
300 1452 532 1490 condicionis
556 1451 733 1489 homines
760 1455 859 1498 erat,
888 1452 954 1488 sod
981 1452 1101 1488 etiam
1128 1451 1235 1488 inter
1262 1455 1486 1500 spectantes

167 1516 293 1565 vulgo,
330 1518 377 1552 ut
408 1527 488 1551 non
519 1513 761 1551 vincentium
794 1514 918 1563 magis
949 1526 1069 1563 quam
1104 1514 1200 1550 bene
1233 1513 1484 1550 morientium

164 1577 327 1615 fortuna
344 1576 586 1613 laudaretur.

216 1694 363 1734 XLIII.
393 1697 494 1734 Cum
512 1695 566 1733 sic
592 1696 745 1744 aliquot
771 1696 957 1745 spectatis
983 1697 1145 1746 paribus
1173 1695 1348 1733 adfectos
1375 1696 1484 1732 dimi-

164 1760 288 1806 sisset,
308 1758 487 1795 contione
514 1757 604 1795 inde
632 1758 819 1794 advocata
847 1759 905 1795 ita
933 1759 1038 1807 apud
1066 1771 1130 1795 eos
1157 1757 1311 1794 locutus
1330 1758 1483 1796 fertur:

167 1823 202 1858 2.
233 1823 255 1841 “
271 1821 323 1867 Si,
343 1833 459 1869 quem
478 1819 655 1856 animum
673 1820 716 1856 in
734 1819 887 1857 alienae
905 1820 1021 1856 sortis
1040 1819 1216 1868 exemplo
1244 1819 1362 1868 paulo
1390 1822 1485 1856 ante

164 1882 369 1928 habuistis,
388 1881 553 1919 eundem
579 1894 670 1918 mox
695 1881 738 1917 in
765 1881 1011 1918 aestimanda
1031 1881 1193 1918 fortuna
1213 1884 1343 1917 vestra
1362 1880 1486 1918 habu-

162 1945 283 1991 eritis,
319 1942 493 1990 vicimus,
531 1943 701 1980 milites:
749 1955 874 1992 neque
916 1944 1019 1980 enim
1063 1943 1327 1992 spectaculum
1372 1943 1484 1979 modo

163 2005 271 2053 illud,
304 2005 370 2042 sed
399 2005 593 2054 quaedam
625 2004 749 2041 veluti
777 2005 908 2054 imago
938 2008 1092 2042 vestrae
1124 2004 1358 2042 condicionis
1386 2009 1483 2042 erat.

165 2067 200 2106 3.
229 2067 291 2104 Ac
326 2066 454 2104 nescio
489 2079 543 2103 an
579 2065 728 2103 maiora
761 2066 918 2103 vincula
956 2067 1200 2116 maioresque
1232 2066 1485 2103 necessitates

164 2128 272 2167 vobis
282 2141 402 2178 quam
413 2128 580 2177 captivis
591 2128 732 2164 vestris
743 2126 906 2164 fortuna
918 2128 1216 2165 circumdederit
1224 2141 1234 2175 3
1277 2128 1312 2164 4.
1344 2128 1483 2165 dextra

162 2191 352 2241 laevaque
371 2190 446 2227 duo
465 2189 592 2226 maria
610 2189 800 2226 claudunt
814 2189 963 2227 nullam
985 2201 1035 2226 ne
1053 2189 1104 2226 ad
1122 2189 1310 2239 effugium
1329 2189 1484 2238 quidem

162 2265 304 2289 navem
323 2251 513 2289 habentes
526 2264 538 2298 3
565 2250 668 2288 circa
696 2250 829 2288 Padus
857 2251 997 2298 amnis,
1026 2251 1150 2288 maior
1177 2250 1309 2288 Padus
1336 2263 1382 2287 ae
1410 2251 1485 2288 vio-

163 2314 305 2355 lentior
323 2313 517 2354 Rhodano
528 2326 539 2359 3
568 2312 619 2349 ab
638 2315 748 2362 tergo
774 2311 897 2363 Alpes
926 2316 1081 2361 urgent,
1102 2313 1168 2350 vix
1196 2313 1360 2362 integris
1378 2313 1484 2352 vobis

1517 473 1558 505 50

1516 785 1554 817 ἑο

1516 1341 1552 1371 10

1512 1701 1555 1733 43

1517 1952 1535 1979 5

1517 2257 1555 2287 10
