1679 2553
639 145 702 172 011.
734 144 854 180 Χῖαι,
884 145 917 171 L.
1385 135 1434 171 47

116 245 293 286 recepere
309 234 470 273 classem
488 236 531 272 in
550 235 690 282 altum,
710 238 756 272 ut
774 235 947 284 spatium
965 247 1120 284 pugnae
1143 238 1243 272 esset
1268 236 1432 273 exitum-

115 309 191 346 que
219 297 386 334 liberum
423 309 444 334 e
476 300 594 346 portu
627 309 746 334 naves
776 296 949 333 hostium
979 296 1184 333 haberent.
1253 297 1312 334 13.
1350 297 1434 334 Nec

115 358 288 395 Romani
307 358 574 395 detrectavere
592 370 768 407 pugnam
794 361 834 394 et
853 357 1040 394 memoria
1060 359 1161 394 circa
1181 371 1225 395 ea
1250 358 1333 407 ipsa
1351 358 1432 395 loca

114 423 314 470 gestarum
333 432 467 456 rerum
485 419 583 473 Qi
589 423 639 471 et
658 419 830 469 militum
851 419 1108 456 multitudine
1127 432 1172 456 ac
1191 420 1352 456 virtute.

529 509 531 514 ,
571 493 574 501 ’
614 506 624 521 ,μ
657 503 667 513 -Ᾰ
741 482 871 521 alsm-

165 539 209 578 L.
239 541 323 579 Ubi
340 541 382 577 in
401 540 527 576 altum
547 532 671 576 evecti
689 540 794 586 s‘unt,
817 540 1021 576 Romanus
1039 551 1239 576 conserere
1258 552 1433 589 pugnam

113 606 154 639 et
185 615 233 639 ex
263 602 480 652 propinquo
512 603 614 639 vires
651 601 828 639 conferre
865 601 988 649 velle3
1036 603 1070 639 2.
1102 604 1240 637 contra
1277 601 1432 638 eludere

113 663 266 701 Poenus
290 668 330 701 et
355 667 453 710 arte,
473 676 552 700 non
577 664 617 700 vi
641 675 723 700 rem
750 676 896 712 gerere,
926 663 1164 712 naviumque
1189 675 1308 712 quam
1332 663 1430 699 viro-

111 738 201 762 rum
238 729 310 762 aut
347 739 549 762 armorum
587 726 714 780 ΨΒ),
741 731 944 762 certamen
981 725 1117 761 facere.
1177 725 1212 761 3.
1243 724 1350 761 Nam
1386 729 1432 761 ut

110 787 220 824 sociis
254 788 464 825 navalibus
500 787 693 832 aQunn
706 787 941 824 instructam
978 787 1152 832 classem,
1183 787 1240 822 ita
1276 786 1431 835 inopem

110 848 234 885 milite
261 849 486 896 habebant3
515 853 566 896 et,
591 849 715 885 sicubi
741 854 921 885 conserta
948 848 1062 884 navis
1091 851 1202 893 esset,
1231 847 1432 896 haudqua-

110 922 229 958 quam
256 923 329 959 par
348 922 535 947 numerus
561 913 808 947 armatorum
837 923 885 947 ex
905 922 950 946 ea
970 910 1188 958 pugnabat.
1245 910 1281 947 4.
1320 910 1431 954 Quod

110 970 176 1007 ubi
212 971 529 1008 animadversum
567 974 636 1017 cst,
666 975 706 1008 et
744 971 935 1007 Romanis
971 970 1186 1006 multitudo
1217 983 1289 1007 sua
1318 971 1430 1007 auxit

108 1032 284 1069 animum
303 1036 344 1069 et
362 1032 539 1081 paucitas
557 1033 635 1069 illis
649 1033 804 1069 minuit.
863 1033 896 1070 5.
927 1033 1136 1082 Extemplo
1149 1035 1297 1081 septem
1310 1045 1431 1069 naves

109 1093 282 1131 Punicae
309 1094 608 1141 circumventae,
638 1095 776 1143 fugam
803 1099 957 1131 ceterae
984 1098 1183 1143 ceperunt.
1241 1093 1352 1130 Mille
1389 1097 1429 1130 et

107 1156 347 1206 septingenti
374 1155 484 1192 fuere
511 1156 554 1192 in
581 1156 749 1193 navibus
777 1156 902 1205 captis
938 1156 1082 1192 milites
1118 1158 1354 1204 nautaeque,
1387 1155 1429 1191 in

107 1216 167 1254 his
202 1220 283 1255 tres
326 1216 474 1254 nobiles
512 1217 912 1267 Carthaginiensium.
990 1218 1023 1254 6.
1069 1217 1210 1254 Classis
1247 1217 1428 1254 Romana

106 1277 323 1326 incolumis,
343 1290 424 1314 una
452 1281 610 1315 tantum
640 1278 844 1327 perforata.
872 1278 977 1324 navi,
998 1278 1063 1315 sed
1090 1290 1137 1315 ea
1165 1291 1319 1328 quoque
1345 1278 1429 1327 ipsa

81 1336 85 1338 ’
106 1339 258 1386 reduce,
278 1340 320 1376 in
338 1343 498 1389 portum
517 1340 644 1378 rediit.

160 1400 192 1438 7.
225 1400 443 1437 Secundum
483 1401 584 1438 hanc
621 1414 810 1451 pugnam,
849 1402 1022 1439 nondum
1061 1402 1196 1451 gnaris
1233 1401 1315 1438 eius
1360 1402 1428 1451 qui

106 1461 313 1499 Messanae
331 1466 458 1509 erant,
480 1462 537 1499 Ti.
559 1463 810 1512 Sempronius
828 1463 962 1500 consul
984 1452 1210 1500 Messanam
1227 1463 1346 1499 venit.
1390 1464 1424 1499 S.

105 1521 156 1559 Ei
166 1521 316 1560 fretum
333 1523 504 1560 intranti
518 1535 587 1560 rex
600 1524 723 1560 Hiero
739 1524 900 1560 classem
912 1524 1149 1561 instructam
1165 1528 1426 1573 ornatamque

105 1584 260 1621 obviam
279 1584 392 1622 duxit
410 1588 755 1635 transgressusque
775 1598 822 1622 ex
834 1586 942 1635 regia
957 1586 999 1622 in
1013 1586 1252 1635 praetoriam
1270 1598 1424 1633 navem,

104 1646 328 1696 gratulatus
363 1647 545 1696 sospitem
582 1660 671 1684 cum
709 1647 882 1684 exercitu
926 1650 967 1684 et
1002 1648 1172 1684 navibus
1213 1646 1425 1693 advenisse,

104 1710 362 1757 precatusque
390 1721 620 1757 prosperum
653 1720 696 1745 ac
725 1708 878 1745 felicem
907 1709 948 1744 in
989 1708 1157 1745 Siciliam
1194 1709 1422 1755 transitum,

105 1769 141 1806 9.
169 1772 319 1806 statum
348 1769 487 1807 deinde
514 1771 666 1806 insulae
695 1773 735 1807 et
772 1770 1160 1819 Carthaginiensium
1189 1775 1332 1807 conata
1361 1784 1422 1808 ex-

103 1830 233 1880 posuit
264 1831 537 1880 pollicitusque
569 1835 639 1876 est,
673 1844 749 1880 quo
778 1832 910 1868 animo
940 1832 1069 1880 priore
1099 1832 1199 1868 bello
1235 1832 1422 1881 populum

104 1891 330 1929 Romanum
343 1893 498 1929 iuvenis
515 1891 741 1940 adiuvisset,
754 1904 798 1929 eo
813 1884 945 1929 senem
964 1893 1192 1944 adiuturum
1209 1906 1220 1940 3
1253 1894 1312 1930 10.
1342 1893 1422 1929 fru-

102 1956 283 1990 mentum
314 1953 630 2003 vestimentaque
665 1966 746 1990 sese
777 1953 996 2003 legionibus
1031 1955 1200 1992 consulis
1237 1955 1423 2004 sociisque

102 2014 310 2052 navalibus
336 2015 463 2064 gratis
490 2015 762 2065 praebiturum
774 2027 784 2062 ;
813 2015 963 2064 grande
990 2016 1207 2065 periculum
1235 2015 1441 2072 Lilybaeo,

101 2076 400 2126 maritumisque
439 2076 666 2115 civitatibus
711 2089 801 2123 esse,
841 2081 882 2114 et
917 2077 1154 2126 quibusdam
1199 2078 1422 2116 volentibus

101 2150 222 2175 novas
252 2150 315 2175 res
344 2137 438 2174 fore.
498 2138 557 2175 11.
614 2130 674 2174 Ob
704 2137 800 2174 haec
836 2138 986 2175 consuli
1023 2138 1122 2175 nihil
1154 2138 1421 2176 cunctandum

101 2199 240 2247 visum,
269 2199 365 2248 quin
397 2199 628 2249 Lilybaeum
660 2199 782 2236 classe
818 2192 980 2249 peteret.
1038 2199 1093 2236 Et
1129 2213 1200 2238 rex
1235 2201 1422 2250 regiaque

100 2260 232 2298 classis
249 2273 330 2298 una
358 2260 534 2309 profecti.
590 2260 840 2310 Navigantes
867 2260 957 2298 inde
984 2265 1208 2311 pugnatum
1236 2261 1286 2299 ad
1316 2262 1420 2311 Lily·

102 2321 242 2359 baeum
261 2321 447 2372 fusasque
465 2326 505 2360 et
524 2327 659 2373 captas
677 2322 850 2361 hostium
868 2335 990 2361 naves
1008 2336 1199 2374 accepere.

1460 247 1501 278 49

1458 548 1500 579 50

1457 1100 1495 1131 10

1454 1405 1492 1435 15

1448 1723 1490 1755 20

1446 2025 1486 2055 25

1445 2325 1485 2359 30
