1679 2553
232 134 282 170 46
787 146 892 182 LIVY,
924 147 1005 173 xm.

169 253 208 283 49
283 237 422 275 XLIX.
452 238 552 274 Cum
571 238 621 274 ad
645 238 827 275 Trebiam
846 243 1032 276 terrestre
1052 240 1293 277 constitisset
1313 241 1472 289 bellum,
1491 243 1550 280 in-

232 300 345 336 terim
382 301 485 336 circa
521 300 694 336 Siciliam
728 300 953 349 insulasque
990 301 1136 339 Italiae
1173 301 1414 340 inminentes
1450 308 1491 341 et
1527 318 1552 342 a

231 361 458 410 Sempronio
474 362 628 398 consule
648 365 687 398 et
706 365 801 398 ante
819 362 1036 400 adventum
1056 363 1271 415 eiuswterra
1290 365 1471 414 marique
1489 379 1553 403 res

228 427 372 472 gestae.
440 424 473 461 2.
503 423 661 472 Viginti
697 423 995 472 quinqueremes
1032 438 1123 461 cum
1160 425 1267 463 mille
1304 427 1468 464 armatis
1502 428 1552 464 ad

191 492 209 522 5
229 485 543 534 depopulandam
579 498 684 520 oram
722 484 867 521 Italiae
904 498 928 522 a
966 485 1364 536 Carthaginiensibus
1399 489 1549 537 missae,

228 560 366 583 novem
398 547 574 595 Liparas,
608 550 692 583 octo
721 547 770 583 ad
798 547 970 584 insulam
999 548 1175 585 Vulcani
1202 552 1432 597 tenuerunt,
1471 554 1553 588 tres

175 637 194 659 ἦ.
228 609 269 645 111
286 608 435 656 fretum
455 608 602 644 avertit
625 612 766 645 aestus.
825 610 859 646 3.
889 609 955 647 Ad
982 623 1049 647 eas
1077 614 1303 660 conspectas
1321 624 1345 647 a
1365 611 1551 650 Messana

228 670 426 707 duodecim
454 683 574 706 naves
603 671 654 706 ab
687 671 861 707 Η1010110
893 684 983 720 iege
1017 672 1357 729 Syracusanoiuxn
1393 674 1547 721 missae,

227 732 294 781 qui
310 735 397 768 tum
418 731 478 768 f01
481 735 520 768 te
540 732 698 769 11115511
702 746 748 769 ae
766 736 852 769 eiat
871 735 1068 771 consulem
1089 735 1314 772 Romanum
1335 736 1549 796 opperienS,
1563 732 1679 778 assu.

171 803 208 832 10
227 794 335 830 nullo
361 798 609 849 repugnante
637 800 772 844 captas
799 808 920 848 naves
958 795 1184 833 Messanam
1214 796 1258 833 in
1292 801 1451 846 portum
1476 794 1549 835 de·
1622 799 1676 853 lm«

225 856 436 892 duxeiunt.
492 856 527 893 4.
558 857 795 905 Cognitum
797 851 846 894 ex
871 859 1046 907 0111111715,
1066 862 1226 908 piaeter
1254 859 1399 908 viginti
1418 872 1549 907 naves,

226 918 336 954 0111115
359 917 433 966 ipsi
459 918 589 954 classis
616 923 756 965 essent,
777 919 819 956 in
850 920 1016 957 Italiam
1045 920 1182 957 missas
1210 920 1384 969 quinque
1411 924 1451 958 et
1478 921 1549 958 tri-

226 979 339 1028 ginta
367 977 467 1016 alias
501 980 799 1029 quinqueremes
833 981 1005 1018 Siciliam
1034 985 1169 1030 petere
1198 982 1245 1018 ad
1288 981 1551 1025 sollicitandos

226 1044 378 1077 veteres
403 1041 521 1078 socios
530 1055 541 1088 3
599 1042 632 1078 5.
664 1042 843 1091 Lilybaei
870 1043 1086 1092 occupandi
1123 1044 1377 1092 praecipuam
1415 1057 1550 1081 curam

168 1109 205 1138 15
226 1115 332 1150 esse3
370 1103 527 1140 credere
556 1103 691 1140 eadem
725 1107 974 1153 tempestate,
1007 1117 1086 1154 qua
1115 1105 1190 1154 ipsi
1222 1105 1372 1142 disiecti
1404 1105 1547 1153 forent,

224 1177 311 1201 eam
329 1177 482 1214 quoque
500 1165 661 1202 classem
681 1165 731 1202 ad
750 1166 916 1214 Aegatis
936 1166 1084 1203 insulas
1104 1166 1305 1203 deiectam.
1356 1167 1389 1204 6.
1422 1167 1548 1214 Haec,

222 1226 323 1263 sicut
377 1227 514 1263 audita
562 1231 689 1273 erant,
740 1241 809 1265 rex
858 1227 914 1264 M.
971 1228 1143 1265 Aemilio
1199 1229 1386 1277 praetori,
1437 1228 1550 1266 cuius

226 1288 356 1325 Sicilia
374 1289 574 1337 provincia
592 1294 690 1335 erat,
712 1291 916 1339 perscribit
936 1294 1158 1340 monetque,
1182 1290 1416 1339 Lilybaeum
1436 1290 1549 1327 firmo

223 1352 378 1386 teneret
397 1351 596 1400 praesidio.
655 1352 689 1389 7.
712 1352 922 1403 Extemplo
941 1357 980 1390 et
1006 1366 1030 1389 a
1049 1355 1230 1402 praetore
1249 1352 1352 1388 circa
1371 1352 1561 1394 civitates,

162 1414 201 1447 20
225 1410 331 1448 missi
356 1411 480 1461 legati
506 1413 734 1462 tribunique
761 1426 850 1451 suos
889 1414 940 1451 acl
953 1427 1088 1451 curam
1109 1413 1306 1450 custodiae
1331 1413 1549 1465 intendere,
1573 1424 1659 1453 eat-⁶

225 1477 265 1511 et
290 1477 386 1511 ante
412 1475 544 1512 omnia
567 1475 801 1524 Lilybaeum
824 1476 952 1513 teneri
977 1479 1177 1525 apparatu
1205 1475 1308 1522 belli,
1339 1474 1396 1526 (8)
1425 1474 1550 1529 edicto
1580 1495 1653 1516 ..ar

223 1537 431 1587 proposito,
460 1541 506 1573 ut
533 1538 624 1574 socii
652 1539 814 1575 navales
840 1538 971 1575 decem
999 1538 1152 1574 dierum
1181 1541 1290 1573 cocta
1318 1536 1465 1573 cibaria
1498 1537 1548 1573 ad

169 1649 171 1651 Ι
223 1609 345 1635 naves
365 1597 575 1646 deferrent,
595 1600 727 1653 Qubi
745 1600 901 1649 signum
921 1599 1060 1636 datum
1084 1602 1195 1645 esset,
1216 1611 1276 1653 ng
1285 1598 1379 1648 quid
1398 1611 1548 1635 moram
1573 1621 1606 1632 α
1623 1605 1679 1634 Μ

166 1666 181 1681 ““
224 1660 503 1697 conscendendi
532 1660 689 1708 faceret,
727 1674 874 1710 perque
902 1673 1057 1698 omnem
1085 1673 1208 1706 oram,
1241 1660 1310 1708 qui
1335 1672 1385 1696 ex
1412 1672 1545 1708 specu-

158 1734 198 1764 25
223 1722 270 1759 lis
306 1723 572 1772 prospicerent
608 1722 891 1760 adventantem
938 1722 1112 1760 hostium
1157 1722 1328 1767 classem,
1368 1720 1546 1758 dimissis.

226 1784 260 1821 9.
289 1784 445 1833 Itaque,
463 1797 703 1833 quamquam
732 1784 785 1837 <52¹9
805 1784 1003 1821 industria
1030 1783 1174 1820 morati
1202 1795 1359 1819 cursum
1386 1783 1547 1819 navium
1582 1787 1604 1830 Γ
1662 1781 1667 1815 l

224 1849 341 1882 erant
358 1845 711 1895 Carthaginienses,
725 1850 771 1883 ut
790 1851 885 1884 ante
903 1846 1030 1883 lucem
1049 1844 1277 1883 accederent
1300 1844 1546 1892 Lilybaeum,

223 1920 475 1956 praesensum
493 1911 628 1944 tamen
646 1912 717 1955 est,
737 1909 830 1958 quia
859 1911 899 1945 et
920 1908 1017 1944 luna
1035 1919 1185 1957 pernox
1205 1909 1303 1953 erat,
1323 1909 1364 1943 et
1382 1906 1548 1943 sublatis

223 1969 479 2006 armamentis
504 1970 742 2017 veniebant3
801 1971 861 2007 10.
891 1969 1089 2018 extemplo
1127 1969 1266 2005 datum
1304 1967 1461 2017 signum
1498 1980 1547 2005 ex

158 2039 198 2069 30
222 2030 386 2081 speculis
404 2034 444 2068 et
461 2031 504 2068 in
523 2032 663 2081 oppido
681 2032 732 2069 ad
757 2045 870 2069 arma
894 2031 1183 2070 conclamatum
1208 2034 1268 2067 est
1289 2032 1331 2066 et
1357 2029 1400 2066 in
1425 2041 1547 2067 naves

223 2104 472 2129 conscensum
485 2106 497 2139 3
525 2105 617 2142 pars
643 2093 816 2130 militum
843 2093 886 2130 in
914 2092 1038 2129 muris
1066 2095 1351 2142 portarumque
1386 2090 1429 2128 in
1465 2093 1544 2128 sta-

224 2153 405 2199 tionibus,
419 2166 510 2202 pars
527 2153 570 2190 in
587 2154 754 2191 navibus
771 2156 900 2191 erant.
942 2153 1002 2191 11.
1018 2153 1072 2190 Et
1092 2151 1438 2201 Carthaginienses
1451 2152 1545 2201 quia

222 2228 305 2252 rem
331 2214 415 2252 fore
442 2215 550 2252 haud
576 2228 666 2253 cum
691 2215 888 2264 inparatis
924 2215 1152 2262 cernebant,
1181 2225 1304 2263 usque
1331 2213 1382 2250 ad
1414 2213 1542 2250 lucem

222 2280 339 2328 portu
370 2288 410 2314 se
440 2277 732 2324 abstinuerunt,
765 2276 965 2314 demendis
996 2276 1254 2313 armamentis
1285 2288 1330 2312 eo
1366 2279 1542 2324 tempore

157 2343 196 2373 35
220 2338 474 2388 aptandaque
492 2339 540 2375 ad
559 2351 733 2388 pugnam
761 2338 879 2376 classe
907 2338 1127 2387 absumpto.
1187 2338 1245 2375 12.
1278 2337 1361 2374 Ubi
1380 2336 1538 2380 inluxit,
