1679 2553
213 138 259 176 18
763 149 866 183 ΜΠ,
896 148 973 174 xxi.

153 257 193 287 19
211 244 244 279 9.
276 243 419 286 “Quae
438 241 669 278 verecundia
689 244 758 287 est,
781 240 961 286 Romani,
982 240 1181 289 postulare
1194 254 1267 286 vos,
1285 245 1343 278 ut1
1354 246 1525 280 vestram

208 303 598 352 Carthaginiensium
648 304 846 339 amicitiae
886 315 1185 352 praeponamus,
1230 316 1330 350 cum,
1374 305 1442 353 qui
1488 305 1526 340 id

151 378 190 407 30
206 365 386 401 fecerunt
407 364 629 413 Saguntini,
649 364 854 410 crudelius,
875 377 993 412 quam
1015 364 1168 400 Poenus
1196 363 1318 401 hostis
1346 365 1527 413 perdidit,

206 439 275 463 vos
294 426 385 462 socii
403 426 672 475 prodideritis'l
731 427 790 462 10.
820 426 884 462 Ibi
913 425 1115 474 quaeratis
1143 425 1274 472 socios,
1294 438 1439 473 censeo,
1460 427 1528 464 ubi

208 487 431 536 Saguntina
450 487 578 523 clades
596 487 732 536 ignota
751 491 831 532 est3
865 486 1053 536 Hispanis
1072 486 1225 535 populis
1243 487 1343 523 sicut
1361 487 1528 537 lugubre

206 550 265 585 ita
284 549 435 598 insigne
455 548 726 585 documentum
751 548 919 596 Sagunti
947 548 1086 584 ruinae
1114 551 1245 594 erunt,
1265 561 1314 585 ne
1332 549 1419 597 quis
1438 549 1528 586 fidei

208 610 413 646 Romanae
432 613 503 646 aut
522 609 701 646 societati
719 608 924 646 confidat.'’
982 609 1042 646 11.
1073 608 1172 645 Inde
1191 610 1388 658 extemplo
1419 611 1528 648 abire

147 679 187 708 35
207 671 351 708 finibus
369 671 651 708 Volcianorum
671 670 766 707 iussi
784 671 835 707 ab
849 670 958 707 nullo
973 669 1109 707 deinde
1127 670 1287 707 concilio
1307 671 1527 720 Hispaniae

206 733 436 781 benigniora
454 733 573 769 verba
584 732 721 769 tulere.
769 732 836 768 Ita
850 732 1091 780 nequiquam
1106 735 1316 781 peragrata
1330 732 1527 782 Hispania

205 797 248 833 in
267 796 436 833 Galliam
455 799 677 832 transeunt.

143 917 187 948 20
258 915 339 953 XX.
371 917 421 952 In
441 915 502 951 his
520 928 621 951 nova
640 914 905 963 terribilisque
923 914 1067 963 species
1084 915 1167 951 visa
1180 918 1249 960 est,
1267 915 1369 963 quod
1382 915 1528 952 armati

209 978 317 1014 —ita
348 989 431 1013 mos
466 976 594 1025 gentis
631 976 815 1012 erat—in
853 975 1060 1012 concilium
1097 980 1305 1013 venerunt.
1363 977 1398 1014 2.
1428 977 1526 1014 Cum

207 1039 333 1076 verbis
365 1038 597 1074 extollentes
623 1037 788 1086 gloriam
816 1037 1085 1086 virtutemque
1116 1037 1252 1087 populi
1284 1038 1455 1074 Romani
1482 1051 1528 1075 ac

207 1100 522 1150 magnitudinem
551 1098 705 1147 imperii
732 1098 932 1148 petissent,
963 1111 1012 1135 ne
1041 1098 1169 1135 Poeno
1207 1099 1352 1135 bellum
1385 1100 1528 1136 Italiae

166 1170 185 1199 5
207 1161 392 1199 inferenti
443 1173 511 1209 per
559 1173 673 1209 agros
721 1160 913 1207 urbesque
967 1172 1058 1196 suas
1106 1161 1323 1197 transitum
1374 1161 1526 1208 darent,

208 1226 241 1261 3.
263 1227 402 1260 tantus
420 1235 507 1258 cum
529 1222 692 1258 fremitu
712 1222 811 1258 risus
830 1222 974 1257 (licitur
993 1225 1117 1269 ortus,
1138 1225 1184 1258 ut
1199 1222 1264 1258 vix
1284 1235 1308 1258 a
1323 1223 1527 1271 magistra—

206 1286 311 1322 tibus
323 1285 612 1332 maioribusque
624 1284 929 1320 natffliuventus
948 1284 1149 1320 sedaretur
1161 1297 1171 1330 3
1217 1284 1252 1320 4.
1275 1283 1370 1320 adeo
1388 1284 1527 1320 stolida

206 1347 474 1396 inpudensque
510 1345 723 1394 postulatio
759 1345 843 1381 visa
879 1348 949 1389 est,
989 1357 1154 1390 censere,
1200 1358 1249 1382 ne
1285 1346 1327 1382 in
1364 1346 1525 1382 Italiam

207 1408 487 1444 transmittant
507 1407 611 1444 Galli
632 1406 788 1452 bellum,
810 1407 912 1456 ipsos
940 1407 978 1443 id
1006 1410 1184 1443 avertere
1211 1407 1252 1442 in
1281 1419 1319 1444 se
1338 1420 1528 1455 agrosque

145 1484 183 1514 10
205 1483 294 1506 suos
330 1482 401 1518 pro
438 1469 577 1506 alienis
614 1469 858 1518 populandos
894 1469 1055 1505 obicere.
1130 1469 1165 1505 5.
1195 1468 1336 1505 Sedato
1367 1469 1526 1506 tandem

206 1531 365 1568 fremitu
382 1544 609 1580 responsum
625 1531 765 1580 legatis
784 1534 855 1576 est,
875 1543 1002 1579 neque
1017 1530 1287 1566 Romanorum
1302 1530 1343 1566 in
1358 1542 1397 1567 se
1416 1531 1528 1567 meri-

206 1597 291 1630 tum
308 1606 388 1630 esse
407 1605 534 1641 neque
555 1592 946 1641 Carthaginiensium
964 1591 1165 1637 iniuriam,
1180 1592 1229 1628 ob
1248 1594 1348 1640 quae
1367 1596 1439 1628 aut
1456 1605 1528 1642 pro

207 1655 395 1692 Romanis
425 1658 497 1690 aut
532 1654 720 1690 adversus
754 1653 903 1690 Poenos
934 1656 1096 1690 sumant.
1133 1666 1268 1700 arma3
1325 1654 1359 1690 6.
1388 1660 1524 1691 contra

204 1730 250 1753 ea
278 1717 415 1753 audire
442 1728 534 1761 sese,
555 1715 684 1764 gentis
708 1727 802 1751 suae
821 1714 996 1751 homines
1021 1726 1116 1763 agro
1134 1715 1354 1764 finibusque
1388 1715 1525 1751 [taliae

146 1788 184 1817 15
205 1778 297 1827 pelli
328 1791 352 1814 a
383 1777 526 1826 populo
558 1777 739 1813 Romano
771 1775 1087 1825 stipendiumque
1117 1775 1286 1825 pendere
1322 1780 1362 1813 et
1398 1780 1527 1813 cetera

205 1840 367 1889 indigna
387 1838 483 1887 pati.
542 1837 577 1876 7.
607 1838 758 1875 Eadem
788 1838 912 1875 ferme
939 1838 982 1874 in
1010 1837 1149 1875 ceteris
1176 1837 1329 1874 Galliae
1357 1838 1527 1875 conciliis

204 1901 308 1937 dicta
338 1901 554 1949 auditaque
569 1913 579 1947 3
609 1912 680 1936 neo
708 1899 900 1948 hospitale
927 1898 1137 1948 quicquam
1167 1903 1401 1948 pacatumve
1430 1900 1527 1936 satis

203 1962 312 2011 prius
339 1962 521 1999 auditum
551 1973 671 2010 quam
701 1961 922 1997 Massiliam
952 1972 1104 1997 venere.
1163 1962 1198 1997 8.
1229 1961 1292 1996 Ibi
1318 1961 1448 1997 omnia
1474 1961 1525 1997 ab

204 2023 313 2060 sociis
332 2023 521 2072 inquisita
540 2035 628 2059 cum
648 2035 743 2058 cura
763 2035 809 2058 ac
836 2022 911 2058 fide
937 2022 1108 2070 cognita,
1127 2026 1429 2070 praeoccupatos
1445 2022 1525 2058 iam

146 2090 185 2119 20
204 2089 299 2121 ante
317 2085 368 2121 ab
389 2085 617 2121 Hannibale
636 2084 840 2121 Gallorum
854 2083 1006 2120 animos
1023 2095 1127 2129 esse;
1147 2083 1211 2120 sed
1223 2095 1273 2119 ne
1290 2083 1347 2119 illi
1367 2083 1525 2132 quidem

205 2147 278 2195 ipsi
297 2146 393 2183 satis
411 2146 550 2182 mitem
578 2150 736 2195 gentem
766 2144 1013 2192 fore‚—adeo
1033 2144 1177 2180 ferocia
1196 2148 1316 2192 atque
1334 2144 1525 2182 indomita

204 2208 362 2257 ingenia
389 2207 581 2254 esse‚——ni
611 2206 774 2243 subinde
801 2218 911 2252 auro,
938 2206 1048 2242 cuius
1077 2205 1303 2242 avidissima
1331 2218 1426 2254 gens
1452 2211 1524 2253 est,

204 2269 425 2319 principum
446 2268 570 2304 animi
589 2268 857 2304 concilientur.
916 2266 951 2304 9.
980 2267 1047 2303 Ita
1066 2267 1287 2315 peragratis
1306 2267 1526 2316 Hispaniae

205 2335 245 2368 et
271 2330 420 2367 Galliae
450 2329 602 2378 populis
630 2330 751 2378 legati
781 2329 949 2365 Romam
976 2329 1144 2365 redeunt
1171 2328 1277 2364 haud
1304 2328 1363 2365 ita
1400 2329 1525 2367 multo
