1679 2553
193 114 242 149 22
740 125 848 160 ΜΠ,
881 126 967 151 XXI.

92 259 94 261 .
136 228 178 258 24
193 216 321 266 magis
351 229 473 266 quam
503 216 657 254 bellum
686 220 869 254 metuens
901 222 1076 255 oratores
1110 219 1161 256 ad
1191 220 1351 269 regulos
1380 234 1515 259 eorum

192 277 318 314 misit:
342 277 528 326 conloqui
544 279 669 313 semet
684 277 815 326 ipsum
831 290 921 314 cum
936 278 985 315 iis
1000 279 1112 326 velle,
1133 283 1171 316 ot
1191 280 1254 317 vol
1273 280 1332 317 illi
1352 282 1516 332 propius

139 348 175 377 10
192 336 396 374 Iliberrim
424 337 666 383 accederent,
699 337 763 373 vel
791 350 832 374 se
860 338 1129 376 Ruscinonem
1157 353 1443 389 processurum,
1471 346 1517 380 ut

193 410 243 434 ex
270 397 495 447 propinquo
523 410 759 446 congressus
787 397 943 434 facilior
962 403 1085 446 cssct3
1134 403 1169 436 4.
1200 414 1293 437 nam
1319 404 1357 438 et
1382 415 1514 452 accep-

193 461 329 495 turum
351 470 415 494 cos
435 457 477 493 in
497 460 626 493 castra
647 470 719 494 sua
739 470 780 494 sc
800 458 960 505 lactum,
985 472 1056 496 noc
1076 463 1306 498 cunctanter
1325 474 1365 498 se
1385 462 1517 511 ipsum

194 517 244 555 ad
265 530 331 554 eos
351 520 578 555 venturum.
636 517 850 568 Hospitem
870 519 975 555 enim
1004 532 1044 556 se
1074 519 1228 557 Galliae
1255 534 1335 558 non
1363 522 1517 560 hostem

196 578 414 625 advenisse,
433 590 505 615 nec
524 577 754 615 stricturum
770 582 860 615 ante
880 579 1071 628 gladium,
1091 581 1123 617 si
1142 593 1214 630 per
1233 580 1368 618 Gallos
1387 582 1513 631 liceat,

135 653 171 682 15
193 652 316 689 quam
335 639 377 676 in
395 638 559 676 Italiam
577 639 764 676 venisset.
814 642 847 676 5.
879 639 932 676 Et
950 653 1021 690 per
1041 641 1200 678 nuntios
1217 642 1379 691 quidem
1398 643 1514 690 haoc3

193 703 240 737 ut
257 712 351 737 vero
366 699 497 749 reguli
519 698 727 737 Gallorum
742 700 880 736 castris
896 700 946 737 ad
965 700 1169 738 Iliberrim
1185 703 1384 752 extemplo
1400 704 1517 741 motis

193 759 305 796 haud
325 762 490 808 gravate
519 759 571 796 ad
598 759 780 796 Poenum
798 769 1004 808 venerunt,
1029 761 1133 811 capti
1162 762 1274 799 donis
1303 776 1392 800 cum
1410 763 1517 802 bona

194 832 290 870 pace
311 819 528 856 exercitum
547 832 619 870 per
637 820 728 857 finis
748 833 840 857 suos
859 824 1018 870 praeter
1036 821 1306 860 Ruscinonem
1326 823 1517 874 oppidum

194 879 513 917 transmiserunt.

127 999 167 1030 25
243 995 362 1034 XXV.
404 998 455 1034 In
492 996 656 1033 Italiam
689 995 850 1032 interim
883 994 981 1031 nihil
1019 994 1126 1031 ultra
1163 1008 1282 1045 quam
1319 995 1512 1033 Hiberum

190 1059 376 1096 transisse
410 1058 682 1095 Hannibalem
702 1071 725 1094 a
751 1057 1055 1093 Massiliensium
1075 1056 1217 1106 legatis
1244 1057 1411 1094 Romam
1430 1070 1513 1106 per-

188 1121 315 1157 latum
336 1123 433 1165 erat,
491 1121 525 1156 2.
555 1132 656 1166 cum,
677 1118 837 1167 perinde
857 1130 901 1153 ac
919 1118 950 1154 si
971 1118 1087 1167 Alpis
1106 1118 1185 1154 iam
1205 1119 1420 1165 transisset,
1442 1119 1513 1156 Boi

188 1182 405 1218 sollicitatis
420 1181 654 1217 Insubribus
673 1179 910 1225 defecerunt,
928 1192 998 1215 nec
1017 1184 1101 1215 tam
1120 1180 1168 1215 ob
1181 1183 1329 1217 veteres
1342 1181 1383 1217 in
1396 1194 1513 1230 popu-

148 1256 165 1285 5
187 1243 270 1279 lum
291 1243 517 1279 Romanum
536 1243 624 1289 iras,
645 1255 765 1290 quam
784 1241 887 1290 quod
906 1254 1032 1290 nuper
1059 1241 1160 1278 circa
1181 1242 1333 1278 Padum
1354 1242 1512 1279 Placen-

188 1306 286 1341 tiam
318 1306 627 1353 Cremonamque
661 1303 828 1340 colonias
858 1302 900 1339 in
933 1315 1073 1351 agrum
1103 1303 1297 1339 Gallicum
1328 1303 1512 1341 deductas

188 1379 303 1416 aegre
341 1367 607 1416 patiebantur.
680 1367 713 1402 3.
745 1366 888 1414 Itaque
924 1365 1044 1401 armis
1081 1370 1242 1414 repente
1270 1365 1438 1414 arreptis
1472 1366 1510 1402 in

187 1441 277 1465 eum
333 1429 460 1477 ipsum
517 1440 658 1475 agrum
703 1427 855 1475 impetu
901 1425 1007 1462 facto
1053 1429 1215 1462 tantum
1262 1426 1423 1463 terroris
1467 1439 1511 1463 ac

186 1490 383 1527 tumultus
401 1489 592 1534 fecerunt,
614 1492 658 1524 ut
688 1501 766 1525 non
787 1488 952 1535 agrestis
985 1488 1098 1523 modo
1118 1487 1333 1524 multitudo
1352 1489 1418 1525 sed
1437 1489 1510 1539 ipsi

126 1561 162 1591 10
187 1551 384 1587 triumviri
419 1551 599 1596 Romani,
630 1550 697 1598 qui
727 1549 775 1585 ad
808 1562 949 1598 agrum
980 1552 1172 1585 venerant
1209 1549 1509 1599 adsignandum,

185 1613 297 1649 diffisi
313 1613 538 1649 Placentiae
552 1612 752 1648 moenibus
769 1611 971 1647 Mutinam
984 1610 1246 1659 confugerint,
1264 1611 1303 1649 O.
1323 1611 1510 1649 Lutatius

186 1675 227 1712 C.
260 1675 446 1711 Servilius
480 1673 535 1710 M.
566 1673 735 1709 Annius.
794 1673 827 1709 4.
862 1672 998 1709 Lutati
1027 1685 1168 1708 nomen
1206 1672 1313 1709 haud
1343 1673 1505 1710 dubium

184 1740 265 1780 est3
300 1749 369 1785 pro
401 1736 534 1771 Annio
569 1735 809 1784 Servilioque
844 1734 1075 1770 M'Acilium
1109 1738 1148 1770 et
1182 1735 1221 1772 O.
1260 1735 1505 1772 Herennium

184 1797 332 1834 habent
364 1797 525 1846 quidam
557 1796 732 1843 annales,
766 1796 833 1832 alii
868 1796 910 1833 P.
944 1795 1168 1832 Cornelium
1202 1797 1435 1865 Afflinaffiaet'
1464 1797 1503 1835 O.

125 1866 162 1895 15
186 1859 386 1908 Papirium
408 1859 623 1896 Masonem.
682 1859 715 1895 5.
774 1858 822 1894 Id
843 1870 996 1906 quoque
1015 1857 1212 1894 incertum
1228 1834 1440 1927 esd—{legati
1459 1859 1506 1895 ad

183 1921 507 1970 expostulandum
527 1921 633 1957 missi
652 1920 702 1956 ad
733 1920 846 1956 Boios
866 1919 1002 1955 violati
1029 1920 1120 1965 sint,
1143 1933 1195 1956 an
1214 1920 1256 1956 in
1282 1920 1506 1956 triumviros

181 1994 319 2030 agrum
359 1982 546 2019 metantis
582 1983 753 2031 impetus
799 1982 850 2018 sit
896 1981 1034 2018 factus.
1107 1982 1140 2020 6,
1186 1981 1370 2018 Mutinae
1416 1995 1502 2018 cum

181 2044 461 2090 obsiderentur,
500 2047 539 2080 et
576 2056 672 2092 gens
707 2043 755 2079 ad
792 2043 1148 2092 oppugnandarum
1196 2043 1353 2079 urbium
1399 2046 1503 2079 artes

180 2105 298 2152 rudis,
327 2105 537 2154 pigerrima
568 2105 704 2142 eadem
737 2104 787 2141 ad
820 2105 980 2142 militar*
1039 2118 1168 2154 opera,
1189 2105 1316 2154 segnis
1344 2105 1505 2141 intactis

122 2177 161 2206 20
181 2166 372 2203 adsideret
392 2167 525 2213 muris,
555 2166 731 2203 simulari
761 2118 1026 2215 coeptun‘ffl}
1027 2179 1119 2216 pace
1147 2167 1223 2215 agi,
1281 2166 1313 2204 7.
1336 2166 1499 2202 evocati-

183 2241 256 2276 que
289 2229 340 2265 ab
371 2228 575 2265 Gallorum
613 2221 855 2278 principibus
891 2228 1014 2277 legati
1050 2228 1100 2264 ad
1138 2228 1385 2277 conloquium
1422 2239 1500 2265 non

182 2293 318 2328 contra
338 2291 398 2326 ius
416 2290 526 2329 modo
545 2291 722 2339 gentium
741 2291 806 2331 sed
826 2291 972 2327 violata
1000 2290 1131 2336 etiam,
1152 2302 1252 2338 quae
1271 2289 1364 2326 data
1383 2289 1423 2326 in
1452 2289 1493 2328 id
1546 2325 1548 2327 .
