1679 2553
163 265 203 296 53

165 324 199 353 11

158 873 199 903 20

229 151 278 188 50
781 161 883 193 mvv,
915 161 994 187 xxi.

228 265 274 289 ac
292 265 412 301 prope
431 253 471 289 in
492 255 697 301 conspectu
716 251 823 289 urbis
834 263 923 288 esse.
972 250 1065 287 Non
1078 251 1248 289 Siciliam
1267 265 1313 289 ac
1325 251 1546 290 Sardiniam

232 313 343 350 victis
370 314 587 362 ademptas,
607 325 678 350 nec
697 311 751 349 eis
778 311 975 348 Hiberum
997 312 1235 361 Hispaniam
1263 313 1356 362 peti,
1376 312 1443 351 sed
1469 314 1548 351 solo

229 375 358 424 patrio
403 378 601 424 terraque,
639 374 680 410 in
725 385 804 422 qua
849 373 974 422 geniti
1019 373 1162 419 forent,
1201 374 1292 423 pelli
1338 374 1544 412 Romanos.

230 437 264 474 5.
298 436 540 480 “Quantum
571 435 867 484 ingemiscant,’'
899 435 1043 485 inquit,
1083 437 1250 484 “patres
1285 436 1411 473 nostri
1445 436 1548 474 circa

229 498 383 534 moenia
405 497 660 545 Carthaginis
680 495 825 533 bellare
844 497 959 543 soliti,
979 497 1012 533 si
1030 496 1192 534 videant
1210 510 1290 544 nos,
1324 498 1549 547 progeniem

228 572 352 605 suam,
373 559 467 595 duos
485 558 660 595 consules
671 557 969 607 consularesque
988 558 1191 605 exercitus,
1211 559 1253 595 in
1273 560 1399 596 media
1427 560 1549 597 Italia

230 620 411 669 paventis
440 619 548 656 intra
577 622 718 665 castra,
750 618 926 655 Poenum
956 619 1057 669 quod
1077 618 1183 656 inter
1204 620 1319 669 Alpis
1345 621 1548 670 Appenni-

227 694 401 731 numque
430 682 516 731 agri
549 681 600 718 sit
619 694 713 718 suae
741 681 903 718 dicionis
931 681 1098 719 fecisse.''
1155 682 1189 719 6.
1220 682 1332 719 Haeo
1369 682 1548 720 adsidens

227 756 342 792 aegro
375 742 567 793 conlegae,
608 742 704 779 haec
739 743 782 779 in
819 743 1015 792 praetorio
1053 755 1171 792 prope
1208 743 1548 781 contionabundus

228 818 353 854 agere.
411 805 654 842 Stimulabat
684 808 725 841 et
756 807 912 853 tempus
944 805 1174 854 propincum
1211 805 1468 852 comitiorum,
1498 818 1548 843 ne

226 867 267 903 in
288 879 407 903 novos
426 867 602 903 consules
622 866 767 902 bellum
797 866 1033 911 differretur,
1055 869 1095 902 et
1123 866 1269 916 occasio
1288 867 1330 903 in
1356 879 1396 904 se
1423 880 1547 903 unum

227 927 438 965 vertendae
484 927 643 977 gloriae,
691 928 784 963 dum
830 939 946 976 aeger
984 926 1144 975 conlega
1186 930 1282 964 erat.
1340 928 1374 964 7.
1404 928 1548 977 Itaque

198 1028 200 1031 Α
226 990 463 1039 nequiquam
486 989 740 1026 dissentiente
759 989 938 1026 Cornelio
953 990 1087 1038 parari
1106 988 1156 1025 ad
1174 990 1404 1038 propincum
1423 992 1546 1026 certa-

201 1045 203 1048 ’
226 1064 316 1087 men
335 1051 480 1087 milites
499 1051 620 1088 iubet.

152 1794 191 1824 35

150 2146 194 2178 54

286 1113 320 1149 8.
352 1112 561 1149 Hannibal
581 1125 681 1159 eum,
697 1112 791 1161 quid
809 1112 999 1161 optimum
1019 1112 1121 1148 foret·
1140 1112 1254 1158 hosti,
1275 1115 1462 1159 cerneret,
1481 1112 1546 1149 vix

228 1174 349 1210 ullam
388 1187 495 1223 spem
534 1174 707 1211 habebat
738 1177 885 1210 temere
922 1178 1041 1223 atque
1077 1173 1292 1223 improvide
1338 1175 1544 1223 quicquam

229 1235 405 1272 consules
451 1238 609 1272 acturos
621 1249 632 1282 3
678 1247 767 1272 cum
813 1235 977 1272 alterius
1022 1235 1236 1284 ingenium,
1278 1235 1386 1272 fama
1427 1235 1544 1284 prius,

229 1296 365 1333 deinde
386 1310 428 1333 re
447 1297 660 1345 cognitum,
682 1296 874 1345 percitum
894 1309 940 1332 ac
954 1296 1064 1333 ferox
1077 1296 1193 1334 sciret
1211 1308 1291 1334 esse
1305 1296 1547 1345 ferociusque

226 1358 378 1394 factum
400 1370 584 1408 prospero
603 1370 692 1395 cum
711 1358 1011 1407 praedatoribus
1030 1358 1108 1394 suis
1126 1358 1338 1394 certamine
1360 1357 1544 1404 crederet,

225 1419 358 1456 adesse
373 1419 566 1468 gerendae
585 1419 641 1455 rei
670 1419 871 1455 fortunam
890 1419 998 1455 haud
1017 1418 1227 1455 diffidebat.
1287 1418 1321 1455 9.
1351 1418 1470 1455 Cuius
1497 1431 1546 1455 ne

227 1480 330 1529 quod
369 1480 707 1529 pietatm-mitteret
735 1483 903 1528 tempus,
934 1479 1121 1515 sollicitus
1157 1480 1412 1528 intentusque
1448 1482 1544 1526 erat,

229 1541 321 1578 dum
357 1542 434 1577 tiro
465 1541 636 1577 hostium
665 1541 775 1577 miles
805 1543 914 1586 esset,
947 1540 1039 1576 dum
1073 1540 1271 1576 meliorem
1308 1552 1355 1576 ex
1385 1539 1545 1576 ducibus

227 1602 410 1638 inutilem
426 1602 569 1638 vulnus
581 1601 741 1647 faceret,
771 1600 870 1651 (10.)
891 1601 985 1637 dum
999 1601 1201 1637 Gallorum
1217 1600 1341 1637 animi
1353 1600 1542 1650 vigerent,

229 1676 395 1713 quorum
417 1664 618 1712 ingcntem
636 1662 932 1699 multitudinem
951 1662 1099 1699 sciebat
1126 1661 1282 1710 segnius
1308 1665 1542 1707 secuturam,

231 1729 381 1775 quanto
412 1725 564 1774 longius
596 1725 647 1760 ab
678 1725 790 1761 domo
819 1724 1088 1760 traherentur.
1160 1724 1220 1760 11.
1250 1723 1349 1760 Cum
1373 1723 1422 1759 ob
1448 1723 1542 1760 haec

225 1787 399 1836 taliaque
418 1789 596 1835 speraret
614 1786 845 1835 propincum
864 1789 1064 1822 certamen
1082 1787 1123 1821 et
1149 1783 1288 1831 facere,
1318 1784 1350 1821 si
1377 1797 1540 1821 cessare-

227 1852 308 1895 tur,
329 1852 499 1897 cuperet,
521 1847 858 1897 speculatoresque
886 1846 1002 1891 Galli,
1023 1847 1070 1883 ad
1099 1859 1145 1883 ea
1171 1846 1424 1895 exploranda,
1442 1858 1543 1895 quae

227 1910 357 1956 vellet,
377 1910 555 1954 tutiores,
576 1909 667 1958 quia
687 1909 729 1945 in
757 1909 933 1957 utrisque
952 1908 1090 1945 castris
1117 1908 1354 1954 militabant,
1383 1912 1542 1957 paratos

224 1983 380 2019 pugnae
414 1983 493 2006 esse
526 1971 726 2006 Romanos
755 1969 1013 2016 rettulissent,
1046 1969 1174 2006 locum
1198 1969 1348 2006 insidiis
1383 1968 1542 2006 circum-

223 2035 398 2080 spectare
418 2031 574 2068 Poenus
592 2031 727 2080 coepit.

276 2148 377 2188 LIV.
411 2151 512 2186 Erat
547 2150 590 2186 in
627 2149 752 2186 medio
789 2149 897 2186 rivus
928 2150 1114 2199 praealtis
1151 2149 1349 2199 utrimque
1388 2148 1542 2185 clausus

227 2211 322 2260 ripis
351 2215 391 2247 et
419 2211 521 2247 circa
550 2211 699 2247 obsitus
726 2210 967 2260 palustribus
994 2210 1123 2247 herbis
1152 2213 1204 2257 et,
1224 2210 1365 2259 quibus
1389 2208 1541 2246 inculta

224 2271 346 2309 ferme
362 2272 599 2318 vestiuntur,
619 2271 802 2320 virgultis
829 2271 1097 2320 vepribusque.
1154 2271 1278 2316 Quem
1297 2271 1364 2307 ubi
1390 2270 1541 2319 equites

224 2346 376 2384 quoque
408 2333 575 2383 tegendo
607 2334 703 2370 satis
732 2333 970 2371 latebrosum
1000 2333 1127 2369 locum
1155 2333 1434 2370 circumvectus
1459 2332 1540 2383 ipse
