1679 2553
214 167 235 200 3
773 152 877 188 ΜΠ,
908 153 987 181 xxi.

175 251 193 279 8
214 244 297 291 bus,
318 256 388 281 nec
416 244 496 281 ullo
524 243 660 293 pedem
689 243 898 291 referente,
929 257 979 281 ne
1005 244 1047 281 in
1075 245 1257 282 relictum
1286 259 1310 282 a
1337 258 1377 283 se
1405 246 1534 282 locum

212 305 362 342 hostem
375 305 608 342 inmitteret.
658 305 692 341 9.
723 305 866 354 Itaque
887 318 962 354 quo
978 305 1106 342 acrius
1127 310 1166 342 et
1186 305 1394 343 confertim
1410 307 1536 356 magis

150 375 191 406 25
213 367 412 415 utrimque
441 366 688 415 pugnabant,
717 379 762 402 eo
788 366 920 415 plures
949 367 1265 403 vulnerabantur
1293 367 1402 404 nullo
1429 368 1535 404 inter

210 440 323 464 arma
341 439 580 477 corporaque
600 440 702 463 vano
721 427 979 464 intercidente
991 427 1080 464 telo.
1140 428 1199 465 10.
1225 428 1434 465 Phalarica
1449 432 1536 465 erat

212 488 444 537 Saguntinis
472 488 614 524 missile
641 488 767 524 telum
805 488 940 525 hastili
978 488 1143 537 abiegno
1181 492 1220 525 et
1251 493 1382 526 cetera
1418 489 1536 526 tereti

209 553 488 600 praeterquam
507 549 557 586 ad
577 552 812 594 extremum,
834 549 936 586 unde
956 549 1107 586 ferrum
1128 551 1310 587 exstabat
1322 563 1333 597 3
1362 551 1412 597 id,
1433 551 1535 588 sicut

209 611 251 646 in
279 611 358 660 pilo
388 610 636 660 quadratum,
649 614 792 659 stuppa
811 611 1140 660 circumligabant
1159 611 1413 661 linebantque
1429 612 1512 661 pice
1523 625 1534 660 3

147 681 186 710 30
213 672 273 709 11.
302 671 451 708 ferrum
471 675 606 707 autem
625 675 706 708 tres
725 671 886 721 longum
905 671 1080 708 habebat
1099 672 1226 721 pedes,
1247 676 1294 709 ut
1308 685 1397 709 cum
1413 673 1534 710 armis

209 733 441 782 transfigere
460 745 598 782 corpus
616 736 755 781 posset.
816 733 875 768 12.
898 732 972 770 Sed
991 733 1030 769 id
1049 733 1232 779 maxime,
1253 734 1375 770 etiam
1394 734 1426 770 si
1445 734 1534 771 hae-

208 794 319 831 sisset
341 795 383 830 in
405 797 514 830 scuto
538 807 608 830 nec
631 797 876 842 penetrasset
902 794 942 830 in
967 807 1116 842 corpus,
1141 807 1325 844 pavorem
1349 795 1532 843 faciebat,

208 857 322 905 quod,
342 869 431 892 cum
455 856 626 892 medium
649 868 855 892 accensum
878 857 1105 892 mitteretur
1127 861 1434 906 conceptumque
1451 857 1533 906 ipso

190 920 317 957 rmotu
354 917 480 953 multo
517 917 705 953 maiorem
733 917 864 966 ignem
892 916 1026 963 ferret,
1057 930 1168 954 arma
1197 918 1329 955 omitti
1356 918 1531 967 cogebat,

145 987 184 1016 35
210 979 437 1028 nudumque
457 979 622 1015 militem
643 979 692 1015 ad
713 979 963 1028 insequentes
981 979 1082 1015 ictus
1100 979 1326 1028 praebebat.

165 1097 185 1126 9
261 1097 329 1136 ΙΧ,
360 1099 460 1136 Cum
479 1099 545 1134 diu
565 1111 707 1147 anceps
725 1098 863 1135 fuisset
883 1101 1095 1145 certamen,
1116 1103 1156 1136 et
1176 1099 1421 1148 Saguntinis,
1438 1101 1531 1149 quia

208 1165 365 1211 praeter
401 1173 508 1209 spem
541 1161 779 1206 resisterent,
814 1160 1025 1197 crevissent
1053 1160 1187 1206 animi,
1244 1161 1408 1209 Poenus,
1438 1162 1532 1210 quia

208 1235 287 1259 non
305 1222 471 1268 vicisset,
487 1235 557 1271 pro
571 1222 674 1258 victo
693 1225 802 1267 esset,
842 1220 915 1272 (2.)
943 1221 1148 1258 clamorem
1168 1226 1329 1271 repente
1348 1223 1531 1272 oppidani

206 1284 354 1320 tollunt
374 1284 600 1332 hostemque
620 1283 661 1319 in
681 1283 816 1319 ruinas
836 1283 941 1318 muri
959 1282 1174 1332 expellunt,
1200 1283 1289 1319 inde
1312 1284 1530 1333 inpeditum

164 1355 182 1383 5
207 1345 548 1394 trepidantemque
570 1344 799 1391 exturbant,
823 1348 1020 1393 postremo
1044 1344 1176 1381 fusum
1198 1344 1463 1395 fugatumque
1487 1347 1529 1383 in

207 1411 337 1443 castra
356 1406 550 1456 redigunt.

261 1469 294 1504 3.
317 1468 487 1504 Interim
534 1468 585 1504 ab
632 1469 759 1505 Roma
805 1469 954 1518 legatos
990 1469 1140 1506 venisse
1178 1469 1410 1506 nuntiatum
1446 1474 1528 1518 est3

206 1530 348 1578 quibus
376 1530 531 1565 obviam
561 1529 611 1565 ad
639 1542 748 1565 mare
776 1530 880 1566 missi
909 1531 959 1566 ab
990 1530 1231 1576 Hannibale,
1261 1531 1328 1579 qui
1356 1531 1529 1568 dicerent

206 1604 276 1628 nec
301 1594 389 1627 ‘tuto
415 1603 478 1627 eos
504 1591 678 1627 adituros
701 1591 806 1627 inter
836 1595 896 1627 tot
923 1595 1008 1628 tam
1038 1593 1322 1628 effrenatarum
1349 1593 1528 1642 gentium

146 1661 183 1690 10
205 1666 329 1698 arma,
350 1665 419 1689 nec
447 1653 668 1689 Hannibali
687 1653 729 1688 in
755 1657 871 1690 tanto
890 1653 1111 1690 discrimine
1135 1667 1267 1690 rerum
1288 1667 1426 1703 operae
1448 1668 1528 1693 esse

204 1714 419 1762 legationes
438 1714 586 1750 audire.
644 1714 679 1750 4.
699 1714 934 1762 Apparebat
950 1727 1027 1750 non
1043 1715 1227 1751 admissos
1240 1716 1421 1764 protinus
1436 1716 1528 1753 Oar-

204 1775 408 1823 thaginem
439 1775 573 1811 ituros.
632 1775 806 1811 Litteras
835 1776 958 1824 igitur
989 1776 1224 1824 nuntiosque
1254 1777 1304 1813 ad
1334 1777 1528 1827 principes

203 1835 387 1871 factionis
407 1835 599 1871 Barcinae
619 1836 854 1884 praemittit,
880 1840 925 1872 ut
950 1841 1238 1886 praepararent
1263 1850 1421 1874 suorum
1445 1840 1526 1875 ani—

205 1909 296 1943 mos,
323 1909 372 1933 ne
398 1897 491 1945 quid
518 1909 610 1945 pars
636 1897 762 1934 altera
782 1898 997 1946 gratificari
1025 1899 1168 1948 populo
1188 1899 1368 1936 Romano
1386 1904 1524 1949 posset.

143 2021 184 2051 10
255 2014 300 2050 X.
330 2016 484 2064 Itaque,
511 2020 790 2064 praeterquam
818 2017 919 2066 quod
939 2017 1098 2055 admissi
1118 2018 1322 2067 auditique
1347 2022 1452 2065 sunt,
1477 2031 1524 2056 ea

202 2088 355 2125 quoque
392 2089 494 2112 vana
532 2081 651 2125 atque
688 2078 810 2113 inrita
847 2078 992 2127 legatio
1018 2077 1111 2116 fuit.
1169 2080 1202 2116 2.
1244 2080 1392 2116 Hanno
1421 2093 1526 2117 unus

201 2137 386 2174 adversus
414 2142 597 2174 senatum
627 2151 784 2174 causam
814 2138 978 2176 foederis
1007 2152 1151 2189 magno
1177 2139 1334 2177 silentio
1364 2144 1524 2190 propter

202 2198 477 2234 auctoritatem
502 2211 625 2245 suam,
652 2212 731 2235 non
754 2212 841 2236 cum
868 2200 1032 2237 adsensu
1061 2201 1305 2238 audientium
1334 2202 1424 2251 egit,
1455 2215 1524 2251 per

166 2267 184 2295 5
202 2259 291 2295 deos
326 2258 525 2296 foederum
563 2260 733 2297 arbitros
769 2273 814 2297 ac
850 2265 970 2298 testes
1005 2266 1187 2299 senatum
1223 2263 1434 2310 obtestans,
1472 2275 1522 2300 ne

203 2318 428 2363 Romanum
442 2333 531 2357 cum
547 2321 767 2375 Saguntino
781 2323 1016 2362 suscitarent
1031 2323 1175 2364 bellum
1192 2323 1394 2370 monuisse,
1410 2336 1520 2376 prae-
