1679 2553
150 267 170 301 2

131 824 166 853 10

131 1129 169 1158 15

132 1432 172 1461 20

125 1740 164 1769 25

200 153 221 197 δῦ*

753 170 858 206 va,
892 167 968 195 xxi.

253 262 304 299 Π.
341 264 414 302 His
444 263 583 299 anxius
603 262 705 298 curis
735 262 792 297 ita
823 274 862 298 sc
892 260 1028 297 Africo
1058 257 1170 306 bello,
1200 255 1301 308 quod
1337 257 1416 295 fuit
1448 256 1520 295 sub
1557 248 1572 305 ἶ

198 330 391 361 recentem
431 325 653 361 Romanam
692 313 837 372 pacem,
881 336 950 372 per
988 321 1162 370 quinque
1199 333 1350 367 annos;
1392 321 1425 357 2.
1456 320 1516 356 ita

199 386 335 422 deinde
367 398 506 422 novem
535 385 649 421 annis
679 385 721 420 in
756 384 952 432 Hispania
981 381 1158 431 augendo
1187 382 1337 418 Punico
1358 381 1521 430 imperio

198 447 328 495 gessit,
350 451 395 483 ut
415 450 626 496 appareret
646 446 773 497 maius
793 458 895 491 eum,
918 457 1038 493 quam
1058 430 1164 492 quod
1181 446 1347 491 gereret,
1369 443 1521 491 agitare

201 510 240 544 in
268 509 399 545 animo
432 508 589 553 bellum,
623 511 675 553 et,
713 507 746 543 si
782 506 930 542 diutius
963 500 1135 550 vixisset,
1172 499 1399 540 Hamilcare
1427 503 1522 540 duce

202 570 348 606 Poenos
368 583 480 605 arma
500 568 862 613 Italiaeinlaturos
879 567 1009 613 fuisse,
1040 566 1103 603 cui
1127 560 1373 619 ⁵Hannibalis
1401 565 1521 611 ductu

201 628 433 666 intulerunt.
491 630 526 667 3.
558 630 666 673 Mors
696 628 935 666 Hamilcaris
962 630 1253 677 peropportuna
1280 631 1321 663 et
1354 626 1522 675 pueritia

202 683 442 727 Hannibalis
463 683 705 727 distulerunt
720 689 873 741 1101111111.Ι
933 689 968 725 4.
999 688 1154 725 Medius
1174 687 1403 724 Hasdrubal
1418 687 1523 723 inter

200 756 355 801 *patrem
375 766 419 788 ac
441 752 563 788 filium
585 755 671 787 octo
698 750 821 787 ferme
840 763 963 787 annos
989 746 1196 798 imperium
1225 750 1410 795 obtinuit,
1431 749 1523 785 flore

201 813 355 859 aetatis,
377 814 437 849 uti
456 813 602 859 ferunt,
623 813 750 862 primo
779 811 999 848 Hamilcari
1019 810 1257 856 conciliatus,
1287 822 1407 859 gener
1434 809 1524 847 inde

201 876 248 911 ob
279 875 397 911 aliam
430 875 599 911 indolem
630 874 807 923 profecto
840 872 962 909 animi
990 872 1173 917 adscitus,
1204 875 1243 908 et
1275 872 1368 920 quia
1405 883 1524 920 gener

200 939 298 983 erat,
320 935 500 972 factionis
521 935 713 971 Barcinae
733 935 881 983 opibus,
895 945 996 982 quae
1015 933 1119 982 apud
1135 933 1285 986 milites·
1296 932 1525 981 plebemque

202 997 288 1045 plus
308 1010 427 1046 quam
457 996 628 1032 modicae
662 999 788 1041 crant,
819 994 926 1031 haud
952 1007 1044 1031 sane
1072 994 1275 1031 voluntate
1304 993 1523 1042 principum

200 1059 242 1094 in
271 1058 434 1107 imperio
468 1058 626 1106 positus.
688 1058 722 1093 5.
756 1057 796 1093 Is
826 1056 943 1106 plura
971 1055 1129 1092 consilio
1162 1068 1281 1104 quam
1315 1055 1355 1091 vi
1386 1068 1525 1104 gerens

201 1121 379 1170 hospitiis
415 1120 541 1170 magis
574 1120 801 1168 regulorum
840 1118 1167 1168 conciliandisque
1205 1130 1274 1166 per
1310 1117 1525 1154 amicitiam

202 1182 420 1232 principum
441 1181 551 1218 novis
571 1181 753 1230 gentibus
772 1193 889 1230 quam
910 1179 1010 1216 bello
1029 1183 1100 1216 aut
1119 1179 1239 1215 armis
1258 1191 1340 1215 rcm
1361 1178 1526 1215 Cartha-

201 1243 415 1292 giniensem
453 1243 576 1279 auxit.
646 1242 681 1278 6.
712 1242 896 1279 Ceterum
938 1241 1061 1278 nihilo
1088 1240 1124 1278 ei
1151 1252 1228 1289 pax
1267 1239 1393 1276 tutior
1420 1238 1524 1278 fuit:

202 1304 396 1341 barbarus
433 1316 522 1340 eum
561 1303 720 1352 quidam
758 1303 888 1352 palam
920 1303 969 1339 ob
998 1302 1099 1339 iram
1137 1301 1366 1338 obtruncati
1396 1301 1447 1337 ab
1479 1313 1524 1337 eo

202 1366 349 1402 domini
383 1364 582 1401 interfecit
613 1377 941 1413 comprensusque
962 1364 1013 1401 ab
1040 1363 1390 1400 circumstantibus
1418 1362 1525 1399 haud

202 1427 290 1473 alio,
313 1440 431 1476 quam
453 1427 485 1463 si
517 1426 716 1472 evasisset,
737 1426 866 1473 vultu,
886 1425 1094 1462 tormentis
1113 1437 1266 1474 queque
1297 1437 1386 1461 cum
1405 1424 1529 1461 lacer-

202 1491 350 1534 aretur,
385 1500 429 1523 eo
463 1487 540 1523 fuit
569 1487 709 1524 habitu
739 1487 829 1533 oris,
864 1491 910 1524 ut
947 1490 1160 1536 superante
1192 1485 1346 1522 laetitia
1379 1485 1527 1522 dolores

202 1549 366 1585 ridentis
403 1549 523 1585 etiam
549 1550 713 1599 speciem
744 1549 979 1598 praebuerit.
1050 1548 1083 1586 7.
1116 1548 1215 1585 Cum
1246 1547 1316 1584 hoc
1351 1547 1527 1584 Hasdru-

203 1610 301 1656 bale,
318 1610 410 1659 quia
430 1611 553 1647 mirae
567 1610 665 1647 artis
683 1611 725 1647 in
737 1611 991 1647 sollicitandis
1005 1610 1189 1660 gentibus
1208 1609 1445 1659 imperioque
1459 1622 1527 1645 suo

203 1671 412 1720 iungendis
432 1671 577 1718 fuerat,
597 1671 733 1708 foedus
765 1676 1027 1708 renovaverat
1047 1670 1215 1720 populus
1237 1670 1453 1715 Romanus,
1483 1673 1528 1706 ut

203 1733 293 1769 finis
322 1733 526 1781 utriusque
550 1733 706 1781 imperii
734 1736 834 1770 esset
863 1733 991 1769 amnis
1011 1732 1197 1777 Hiberus,
1220 1731 1529 1780 Saguntinisque

204 1794 339 1830 mediis
358 1794 463 1829 inter
482 1794 648 1843 imperia
669 1794 833 1830 duorum
854 1794 1089 1843 populorum
1108 1793 1269 1829 libertas
1288 1795 1526 1829 servaretur.

257 1910 334 1949 III.
378 1912 428 1948 In
465 1912 729 1949 Hasdrubalis
765 1912 893 1950 locum
924 1913 1030 1949 haud
1065 1912 1184 1948 dubia
1217 1924 1277 1948 res
1305 1911 1394 1957 fuit,
1433 1911 1528 1960 quin

206 1974 520 2022 praerogativam
553 1974 778 2020 militarem,
810 1987 889 2023 qua
916 1974 1112 2022 extemplo
1144 1973 1297 2010 iuvenis
1323 1973 1528 2009 Hannibal

204 2034 245 2069 in
264 2035 505 2082 praetorium
517 2035 672 2071 delatus
692 2035 981 2085 imperatorque
999 2034 1154 2084 ingenti
1172 2034 1347 2070 omnium
1362 2035 1530 2071 clamore

205 2098 326 2143 atque
345 2095 512 2132 adsensu
531 2096 752 2145 appellatus
781 2100 879 2144 erat,
898 2096 1011 2134 favor
1038 2096 1163 2145 plebis
1181 2099 1422 2144 sequeretur.
1494 2095 1528 2133 2.

206 2155 328 2192 Hunc
344 2156 503 2193 vixdum
530 2158 715 2205 puberem
738 2158 967 2194 Hasdrubal
987 2157 1132 2194 litteris
1144 2157 1193 2194 ad
1213 2170 1252 2193 se
1271 2157 1528 2205 accersierat3

205 2221 372 2266 actaque
391 2230 452 2255 res
471 2218 588 2255 etiam
609 2219 649 2254 in
670 2222 810 2255 senatu
830 2219 974 2257 fuerat.
1034 2219 1068 2255 3.
1099 2218 1276 2254 Barcinis
1295 2217 1529 2265 nitentibus,

206 2282 252 2315 ut
266 2278 508 2316 adsuesceret
521 2279 686 2316 militiae
703 2280 910 2317 Hannibal
923 2284 1042 2330 atque
1053 2280 1095 2316 in
1108 2283 1296 2328 paternas
1309 2279 1529 2316 succederet

205 2352 304 2390 opes
340 2341 498 2387 Hanno,
522 2341 684 2378 alterius
709 2340 891 2378 factionis
918 2342 1107 2391 princepS,
1137 2345 1212 2378 “et
1239 2353 1373 2378 aecum
1398 2344 1527 2391 postu·
