1679 2553
658 135 719 162 cn.
755 136 837 171 vn„
868 137 954 161 vm.
1443 126 1464 164 7

142 223 234 269 loco,
267 237 386 274 supra
417 229 568 262 ceterae
600 226 759 262 modum
791 227 1014 264 altitudinis
1046 228 1246 264 emunitus
1286 231 1385 273 erat,
1427 231 1463 264 et
1489 240 1507 269 7

141 286 326 323 iuventus
346 286 506 333 delecta,
532 287 599 324 ubi
622 287 834 336 plurimum
857 288 1019 337 periculi
1043 301 1088 325 ac
1114 289 1265 325 timoris
1291 287 1463 325 ostende-

142 347 273 393 batur,
303 347 357 384 ibi
387 348 425 384 vi
455 348 602 385 maiore
630 349 884 386 obsistebant.
943 350 977 386 8.
1008 350 1070 386 Ac
1101 350 1227 398 primo
1256 350 1468 386 missilibus

140 408 368 446 submovere
386 409 537 446 hostem
567 422 636 446 nec
668 410 877 459 quicquam
897 410 994 447 satis
1028 414 1163 447 tutum
1196 411 1466 447 munientibus
1488 420 1527 448 20

141 470 247 520 pati3
275 469 413 507 deinde
439 470 517 507 iam
546 483 625 507 non
653 483 723 520 pro
752 471 953 508 moenibus
972 472 1086 508 modo
1105 475 1225 521 atque
1252 472 1353 508 turri
1384 471 1465 508 tela

141 531 296 577 micare,
326 531 392 568 sed
424 530 474 568 ad
507 532 790 580 erumpendum
823 533 943 569 etiam
977 533 1018 570 in
1051 533 1240 570 stationes
1272 546 1465 582 operaque

141 592 311 629 hostium
331 592 486 629 animus
509 597 596 630 erat
608 606 619 640 3
677 593 711 630 9.
733 593 874 641 quibus
892 593 1168 630 tumultuariis
1186 594 1466 631 certaminibus

141 653 246 690 haud
263 653 385 690 ferme
400 653 530 702 plures
550 653 761 703 Saguntini
781 654 976 691 cadebant
994 667 1115 704 quam
1131 655 1262 692 Poeni.
1322 656 1381 692 10.
1403 655 1464 693 Ut

141 727 232 752 vero
252 715 456 752 Hannibal
478 715 569 764 ipse,
595 715 689 752 dum
712 728 868 752 murum
893 716 1091 752 incautius
1113 716 1231 762 subit,
1256 716 1464 753 adversum
1486 723 1525 752 25

139 776 270 814 femur
287 776 445 826 tragula
455 777 631 826 graviter
647 777 747 814 ictus
762 777 909 823 cecidit,
925 781 1041 814 tanta
1057 778 1158 814 circa
1174 777 1270 826 fuga
1286 790 1331 814 ac
1348 777 1464 826 trepi-

140 838 247 875 datio
276 837 366 884 fuit,
398 841 444 874 ut
472 850 551 875 non
582 838 754 875 multum
785 839 948 884 abesset,
978 839 1073 888 quin
1106 851 1224 887 opera
1253 851 1298 875 ac
1328 838 1465 875 vineae

139 899 423 936 desererentur.

192 1015 307 1053 VIII.
339 1017 495 1054 Obsidio
513 1016 649 1054 deinde
673 1030 741 1066 per
763 1030 906 1067 paucos
928 1018 1008 1055 dies
1031 1019 1154 1068 magis
1176 1032 1295 1068 quam
1319 1032 1463 1069 oppug-
1485 1027 1504 1055 8

140 1079 249 1115 natio
275 1078 364 1124 fuit,
385 1078 478 1114 dum
499 1078 641 1115 vulnus
664 1078 770 1115 ducis
793 1084 1012 1117 curaretur.
1071 1080 1147 1117 Per
1170 1080 1272 1129 quod
1295 1084 1462 1130 tempus,

139 1144 185 1177 ut
204 1140 312 1189 quies
331 1139 593 1176 certaminum
613 1144 712 1186 erat,
734 1140 791 1177 ita
811 1141 862 1176 ab
880 1145 1079 1189 apparatu
1099 1154 1259 1189 operum
1277 1154 1322 1178 ac
1339 1143 1463 1178 muni-

138 1202 291 1239 tionum
306 1201 405 1237 nihil
421 1205 625 1237 cessatum.
677 1201 710 1237 2.
741 1200 887 1250 Itaque
906 1202 1034 1238 acrius
1047 1201 1092 1238 de
1113 1203 1267 1251 integro
1286 1206 1456 1239 coortum

138 1266 197 1300 est
221 1262 380 1309 bellum,
408 1262 662 1311 pluribusque
687 1262 879 1311 partibus,
907 1263 973 1298 vix
999 1262 1282 1311 accipientibus
1307 1263 1457 1312 quibus—
1485 1267 1502 1296 5

116 1354 119 1355 γ
138 1324 229 1361 dam
265 1337 383 1374 opera
420 1324 522 1370 locis,
561 1325 697 1360 vineae
734 1329 894 1373 cocptao
931 1324 996 1373 agi
1033 1324 1311 1373 admoverique
1349 1325 1460 1362 aries.

140 1388 175 1424 3.
205 1385 450 1422 Abundabat
489 1385 742 1422 multitudine
776 1385 975 1422 hominum
1009 1386 1184 1432 Poenus3
1218 1386 1267 1422 ad
1302 1390 1460 1422 centum

138 1447 427 1497 quinquaginta
447 1446 554 1482 milia
575 1446 755 1483 habuisse
773 1447 815 1482 in
834 1448 955 1483 armis
974 1448 1070 1483 satis
1088 1447 1261 1483 creditur
1273 1461 1283 1494 3
1339 1448 1374 1483 4.
1395 1460 1460 1496 op-

143 1508 278 1559 pidani
293 1508 343 1545 ad
358 1508 490 1545 omnia
505 1507 652 1544 tuenda
667 1512 786 1557 atque
801 1508 980 1544 obeunda
1000 1508 1263 1545 multifariam
1283 1508 1461 1545 distineri

138 1571 262 1620 coepti
284 1582 361 1606 non
380 1569 478 1606 suffi(
489 1569 634 1606 iebant.
693 1570 725 1606 5.
757 1569 993 1618 Itaqueiam
1014 1569 1259 1606 feriebantur
1273 1570 1462 1606 arietibus
1486 1572 1523 1601 10

138 1632 252 1678 muri,
273 1635 558 1680 quassataeque
579 1631 728 1667 multae
750 1634 881 1679 paites
900 1635 1037 1677 crant3
1068 1644 1147 1667 una
1167 1631 1461 1668 continentibus

139 1693 263 1730 ruinis
285 1692 507 1729 nudaverat
532 1693 691 1738 urbem,
723 1697 801 1728 tres
825 1692 1005 1740 deinceps
1028 1697 1158 1729 turres
1186 1697 1460 1742 quantumquo

139 1757 243 1794 inter
262 1769 327 1793 eas
340 1756 443 1792 muri
462 1759 549 1792 erat
568 1769 656 1792 cum
674 1755 828 1804 fragore
848 1756 999 1804 ingenti
1016 1756 1272 1804 prociderant.
1306 1757 1339 1793 6.
1362 1757 1460 1805 Cap-

138 1822 224 1855 tum
253 1817 437 1866 oppidum
466 1829 512 1853 ea
549 1816 665 1853 ruina
702 1816 947 1853 crediderant
988 1816 1104 1852 Poeni
1117 1832 1126 1863 3
1155 1830 1242 1866 qua,
1283 1818 1391 1854 velut
1428 1818 1460 1854 si

139 1880 288 1929 pariter
317 1882 502 1926 utresque
530 1890 664 1914 murus
692 1878 864 1923 texisset,
894 1878 951 1914 ita
981 1878 1178 1926 utrimque
1206 1879 1247 1914 in
1284 1891 1458 1927 pugnam
1480 1888 1517 1916 15

138 1952 366 1990 procursum
389 1943 458 1976 est.
517 1938 550 1975 7.
581 1938 692 1974 Nihil
718 1938 1003 1974 tumultuariae
1028 1951 1185 1986 pugnae
1209 1939 1334 1975 simile
1359 1944 1458 1985 erat,

137 2001 273 2052 quales
304 2001 347 2037 in
378 2000 738 2050 oppugnationibus
770 2000 927 2035 urbium
962 2012 1030 2048 per
1063 2000 1299 2037 occasionem
1334 2002 1460 2050 partis

139 2063 302 2100 alterius
320 2062 469 2099 conseri
491 2061 628 2107 solent,
652 2061 717 2098 sed
739 2061 865 2097 iustae
887 2061 988 2097 acics
1012 2061 1120 2097 velut
1144 2063 1299 2110 patenti
1321 2075 1458 2112 campo

140 2126 242 2162 inter
261 2124 397 2160 ruinas
415 2122 518 2159 muri
536 2126 719 2171 tectaque
738 2122 847 2159 urbis
867 2122 1013 2158 modico
1037 2123 1226 2159 distantia
1249 2123 1458 2160 intervallo

139 2186 410 2224 constiterant.
468 2185 502 2221 8.
534 2184 641 2220 Hinc
659 2196 755 2232 spes,
777 2183 866 2220 hine
886 2184 1103 2232 desperatio
1122 2185 1273 2220 animos
1301 2185 1455 2231 inritat,
1470 2189 1510 2218 20

139 2248 268 2285 Poeno
288 2247 428 2296 cepisse
447 2246 526 2282 iam
546 2258 585 2282 se
608 2246 756 2291 urbem,
780 2246 812 2281 si
834 2245 996 2294 paulum
1021 2244 1240 2291 adnitatur,
1264 2246 1456 2292 credente,

141 2308 372 2359 Saguntinis
400 2320 469 2361 pro
497 2306 648 2343 nudata
671 2306 872 2343 moenibus
894 2306 1026 2355 patria
1049 2319 1209 2355 corpora
1228 2308 1454 2361 opponenti-
