1679 2553
605 157 668 183 cn.
699 156 793 191 xv1.,
823 155 919 181 xv11.
1386 144 1431 179 15

111 253 163 290 ab
189 252 336 290 excidio
363 250 680 301 opulentissimae
699 249 818 295 urbis,
840 249 1037 285 Hiberum
1061 247 1257 293 transire;
1288 248 1321 285 6.
1352 251 1432 284 tra-

110 315 203 351 here
230 326 359 351 secum
391 316 453 350 tot
492 312 636 349 excitos
669 310 941 360 Hispanorum
972 310 1157 360 populos;
1185 309 1431 347 conciturum

110 376 245 413 avidas
271 388 422 425 semper
449 387 649 412 armorum
675 373 846 410 Gallicas
871 379 1019 422 gentes
1072 372 1171 409 Cum
1190 371 1282 408 orbe
1311 375 1433 408 terra-

110 451 199 475 rum
228 437 374 474 bellum
393 436 607 486 gerendum
634 435 677 471 in
697 435 820 471 Italia
839 447 885 471 ac
913 447 983 484 pro
1012 434 1214 471 moenibus
1242 433 1433 469 Romanis

109 512 201 536 esse.

162 621 290 660 XVII.
320 623 560 660 Nominatae
579 622 657 659 iam
673 625 794 659 antea
812 621 1035 659 consulibus
1053 619 1277 670 provinciae
1296 623 1431 663 erant3

109 687 196 721 tum
232 684 365 721 sortiri
399 684 505 721 iussi.
563 684 742 722 Cornelio
780 683 989 733 Hispania,
1029 682 1257 731 Sempronio
1296 680 1433 717 Africa

110 758 197 782 cum
220 746 353 783 Sicilia
372 747 515 784 evenit.
568 747 602 784 2.
634 746 711 783 Sex
730 745 772 782 in
792 758 881 783 eum
895 758 1046 782 annum
1067 744 1245 781 decretae
1264 743 1434 793 legiones

109 811 149 844 et
167 809 311 844 socium
330 812 525 857 quantum
545 808 636 858 ipsis
655 808 866 855 videretur,
889 811 929 845 et
957 807 1089 844 classis
1116 810 1270 855 quanta
1298 805 1433 854 parari

110 873 247 918 posset.
305 870 338 906 3.
369 871 568 914 Quattuor
588 874 627 906 et
647 870 789 918 viginti
818 870 994 919 peditum
1025 869 1296 905 Romanorum
1325 867 1432 903 milia

109 930 254 979 scripta
291 933 331 967 et
361 931 467 967 mille
499 931 716 980 octingenti
753 932 916 981 equites,
947 931 1137 968 sociorum
1168 929 1434 978 quadraginta

109 992 217 1028 milia
253 992 430 1041 peditum
467 997 659 1042 quattuor
702 993 811 1029 milia
855 997 895 1030 et
938 992 1217 1042 quadringenti
1257 991 1432 1040 equites;

109 1066 229 1090 naves
260 1054 451 1091 ducentae
488 1055 631 1103 viginti
661 1056 975 1104 quinqueremes,
1013 1055 1155 1092 celoces
1191 1054 1334 1103 viginti
1372 1053 1434 1090 dc-

109 1115 226 1152 ducti.
283 1117 318 1152 4.
348 1116 497 1153 Latum
516 1116 605 1153 inde
625 1117 673 1153 ad
695 1118 894 1166 populum,
916 1118 1062 1154 vellent
1089 1117 1271 1153 iuberent
1292 1116 1433 1165 populo

110 1176 427 1226 Carthaginiensi
447 1178 591 1214 bellum
612 1178 727 1214 indici
741 1192 751 1225 3
771 1179 930 1228 eiusque
951 1179 1041 1215 belli
1062 1191 1179 1215 causa
1197 1177 1433 1226 supplicatio

109 1251 178 1287 per
214 1239 351 1275 urbem
388 1239 527 1275 habita
563 1243 684 1288 atque
714 1240 870 1276 adorati
903 1240 953 1286 di,
985 1244 1030 1277 ut
1063 1240 1160 1277 bene
1192 1252 1237 1276 ac
1265 1239 1433 1276 feliciter

108 1300 284 1337 eveniret
301 1301 404 1350 quod
427 1301 568 1338 bellum
596 1302 762 1350 populus
791 1302 995 1338 Romanus
1013 1302 1197 1338 iussisset.
1255 1302 1290 1339 5.
1320 1302 1434 1338 Inter

108 1362 283 1399 consules
301 1363 359 1399 ita
378 1363 510 1412 copiae
530 1363 700 1402 divisae:
730 1363 960 1412 Sempronio
988 1363 1106 1401 datae
1134 1364 1303 1413 legiones
1332 1363 1433 1399 duae

108 1436 207 1460 —ea
234 1428 430 1473 quaterna
459 1425 566 1461 milia
595 1428 711 1462 erant
740 1425 916 1474 peditum
945 1430 985 1463 ct
1013 1427 1161 1463 treceni
1188 1426 1433 1475 equites—ot

107 1486 296 1523 sociorum
325 1479 489 1523 sedecim
523 1487 632 1523 milia
663 1487 851 1536 peditum,
882 1488 1033 1536 equites
1062 1487 1168 1524 mille
1200 1487 1430 1536 octingenti,

109 1560 228 1583 naves
246 1547 386 1596 longae
406 1551 561 1584 centuni
584 1548 805 1597 sexaginta,
826 1549 968 1585 celoces=
998 1549 1209 1585 duodecim.
1268 1550 1301 1585 6.
1332 1549 1430 1586 Cum

109 1608 170 1645 his
188 1609 441 1646 terrestribus
469 1610 755 1659 maritimisque
783 1611 899 1659 copiis
926 1611 982 1646 Ti.
1014 1611 1266 1660 Sempronius
1294 1611 1434 1647 missus

108 1671 149 1707 in
171 1671 353 1717 Siciliam,
374 1671 432 1707 ita
462 1671 502 1707 in
530 1672 710 1708 Africum
740 1673 1054 1718 transmissurus,
1083 1673 1116 1709 si
1143 1672 1194 1709 ad
1222 1673 1432 1709 arcendum

110 1732 231 1768 Italia
252 1732 426 1769 Poenum
447 1733 579 1769 consul
608 1733 710 1770 alter
737 1734 834 1770 satis
863 1738 973 1771 essct.
1032 1735 1066 1772 7.
1097 1735 1276 1772 Cornelio
1303 1736 1433 1771 minus

109 1793 307 1842 copiarum
327 1793 478 1839 datum,
499 1794 590 1842 quia
609 1793 655 1830 L.
678 1793 855 1831 Manlius
874 1800 1033 1843 praetor
1052 1799 1092 1831 et
1111 1796 1192 1844 ipse
1218 1808 1306 1832 cum
1326 1796 1430 1832 haud

109 1854 279 1891 invalido
299 1855 491 1903 praesidio
510 1855 551 1891 in
572 1855 744 1892 Galliam
763 1856 1000 1892 mittebatur
1012 1870 1022 1903 3
1071 1858 1105 1893 8.
1135 1857 1296 1893 navium
1326 1871 1432 1894 max-

109 1913 185 1949 ime
205 1912 382 1949 Cornelio
402 1925 588 1950 numerus
616 1913 869 1951 deminutus:
899 1915 1105 1963 sexaginta
1134 1917 1434 1965 quinqueremes

108 1974 406 2024 datae—neque
449 1974 554 2011 enim
595 1975 697 2010 mari
734 1979 947 2011 venturum
987 1980 1058 2012 aut
1095 1989 1141 2013 ea
1187 1981 1302 2026 parte
1343 1979 1433 2015 belli

108 2036 387 2072 dimicaturum
408 2036 557 2072 hostem
578 2036 884 2074 credebant—et
904 2037 1003 2074 duae
1032 2038 1237 2075 Romanae
1265 2039 1433 2088 legiones

107 2092 198 2134 cum
226 2110 295 2134 suo
327 2097 430 2134 iusto
463 2098 645 2147 equitatu
664 2103 705 2135 et
723 2099 1038 2147 quattuordecim
1068 2100 1225 2137 milibus
1243 2101 1432 2138 sociorum

109 2158 295 2208 peditum,
315 2159 513 2208 equitibus
542 2159 646 2195 mille
684 2160 877 2197 sescentis.
898 2158 1011 2195 Duas
1032 2160 1201 2209 legiones
1233 2161 1435 2200 Romanas

107 2223 149 2257 et
167 2220 297 2257 decem
326 2221 435 2257 milia
463 2221 654 2257 sociorum
683 2221 870 2270 peditum,
901 2222 1008 2258 mille
1036 2223 1187 2271 equites
1214 2224 1333 2261 socios
1360 2237 1434 2262 ses-

108 2286 240 2319 centos
262 2282 460 2319 Romanos
488 2282 619 2319 Gallia
647 2283 848 2332 provincia
877 2284 1009 2321 eodem
1030 2297 1142 2322 versa
1170 2285 1211 2322 in
1241 2285 1432 2324 Punicum

110 2343 255 2381 bellum
275 2343 429 2383 habuit.

1463 1179 1500 1209 10

1464 1499 1501 1528 15

1464 1803 1503 1832 20

1464 2106 1505 2137 25
