1679 2553
183 147 206 181 4
735 155 840 191 niv-Y,
870 155 950 181 xx1.

136 270 159 300 4
182 252 362 298 opertum
380 249 491 287 humi
503 249 694 291 iacentem
715 249 820 287 inter
835 248 1030 286 custodias
1049 247 1315 298 stationesque
1333 248 1504 286 militum

114 447 154 476 25

112 750 150 780 30

129 1238 149 1269 ζῆ

112 1545 150 1575 10

113 1851 150 1879 15

181 315 476 360 conspexerunt.
536 312 570 348 8.
602 311 783 347 Vestitus
813 310 911 347 nihil
938 311 1044 347 inter
1082 310 1264 359 aequales
1291 310 1503 357 excellens3

180 385 291 409 arma
324 377 445 422 atque
474 372 565 421 equi
594 372 948 421 conspiciebantur.
1025 372 1214 420 Equitum
1253 371 1505 420 peditumque

180 434 283 470 idem
302 435 415 483 longe
434 434 584 482 primus
602 437 689 469 erat
706 446 713 469 :
743 433 922 482 princeps
939 433 982 469 in
1011 432 1200 482 proelium
1229 433 1326 476 ibat,
1341 432 1506 469 ultimus

180 499 355 531 conserto
388 495 533 544 proelio
570 494 792 531 excedebat.
851 495 884 531 9.
928 494 1016 530 Has
1052 498 1188 530 tantas
1225 494 1300 529 viri
1336 493 1506 530 virtutes

179 556 355 605 ingentia
396 556 492 592 vitia
530 556 781 604 aequabant:
828 555 1046 591 inhumana
1083 555 1305 600 crudelitas,
1343 554 1504 604 perfidia

179 620 266 669 plus
295 633 416 669 quam
448 619 608 664 Punica,
643 619 739 656 nihil
771 619 865 666 veri,
901 619 1000 655 nihil
1036 619 1174 666 sancti,
1214 619 1347 655 nullus
1386 619 1503 656 deum

180 685 316 727 metus,
338 681 491 718 nullum
517 681 578 717 ius
602 681 826 727 iurandum,
862 680 972 717 nulla
1000 681 1147 729 religio.
1209 681 1268 717 10.
1299 681 1398 717 Cum
1427 680 1501 717 hac

180 742 305 778 indole
333 742 531 779 virtutum
564 746 684 791 atque
723 743 910 778 vitiorum
942 742 1113 778 triennio
1142 742 1215 779 sub
1250 741 1503 778 Hasdrubale

181 804 417 852 imperatore
436 804 582 840 meruit
602 803 713 839 nulla
732 816 785 849 re,
807 815 907 852 quae
928 803 1079 852 agenda
1098 803 1342 852 videndaque
1362 815 1504 852 magno

183 865 320 901 futuro
341 865 430 901 duci
449 869 559 911 esset,
581 864 870 914 praetermissa.

232 980 278 1021 V.
310 984 495 1021 Ceterum
516 997 563 1020 ex
583 997 657 1033 quo
678 983 739 1020 die
758 983 836 1019 dux
857 988 914 1020 est
935 983 1167 1030 declaratus,
1188 983 1298 1020 velut
1326 982 1449 1019 Italia
1468 983 1502 1020 ei

178 1044 377 1094 provincia
414 1045 569 1081 decreta
608 1045 829 1094 bellumque
863 1045 1088 1081 Romanum
1119 1045 1352 1081 mandatum
1390 1048 1501 1090 esset,

179 1107 213 1143 2.
243 1106 342 1142 nihil
354 1105 632 1155 prolatandum
653 1109 776 1151 ratus,
798 1118 847 1142 ne
867 1118 906 1142 se
925 1118 1088 1154 queque,
1111 1110 1156 1141 ut
1175 1110 1329 1154 patrem
1351 1105 1503 1142 Hamil—

177 1180 318 1213 carem,
367 1167 505 1203 deinde.
553 1166 857 1212 Hasdrubalem,
905 1170 1158 1203 cunctantem
1204 1179 1315 1203 casus
1361 1166 1503 1214 aliquis

179 1229 428 1277 opprimeret,
459 1228 693 1276 Saguntinis
721 1228 869 1264 inferre
898 1227 1043 1263 bellum
1071 1227 1227 1264 statuit.
1286 1228 1321 1264 3.
1352 1227 1503 1271 Quibus

178 1289 452 1339 oppugnandis
480 1289 573 1338 quia
601 1289 707 1325 haud
736 1289 850 1325 dubie
880 1288 1061 1325 Romana
1089 1301 1201 1324 arma
1229 1288 1501 1335 movebantur,

177 1351 218 1387 in
253 1350 441 1388 Olcadum
475 1350 584 1399 prius
611 1350 870 1386 fines—ultra
901 1349 1098 1385 Hiberum
1125 1362 1170 1386 ea
1197 1362 1292 1398 gens
1319 1350 1360 1385 in
1388 1353 1502 1398 parte

177 1412 301 1460 magis
343 1425 463 1461 quam
500 1411 542 1447 in
578 1411 726 1447 dicione
772 1411 1159 1460 Carthaginiensium
1203 1410 1502 1447 erat-induxit

178 1473 405 1519 exercitum,
446 1477 491 1509 ut
529 1486 606 1508 non
646 1473 785 1521 petisse
825 1472 1074 1521 Saguntinos,
1113 1472 1179 1508 sed
1223 1485 1355 1509 rerum
1392 1472 1500 1519 serie,

178 1534 356 1570 finitimis
375 1534 531 1570 domitis
549 1534 742 1582 gentibus,
766 1533 1038 1582 iungendoque
1057 1537 1210 1570 tractus
1229 1533 1280 1569 ad
1300 1533 1338 1569 id
1356 1533 1501 1569 bellum

179 1596 301 1632 videri
320 1599 459 1644 posset.
484 1616 489 1622 ·
518 1596 553 1632 4.
584 1595 784 1631 Cartalam
808 1595 943 1631 urbem
964 1594 1206 1643 opulentam,
1234 1597 1354 1644 caput
1373 1594 1501 1643 gentis

177 1658 270 1702 eius,
310 1660 512 1706 expugnat
550 1656 786 1706 diripitque;
835 1668 912 1704 quo
949 1660 1057 1691 metu
1094 1655 1294 1705 perculsae
1332 1656 1501 1691 minores

178 1719 358 1755 civitates
377 1717 570 1767 stipendio
590 1717 758 1766 inposito
786 1716 995 1765 imperium
1025 1729 1215 1764 accepere.
1271 1716 1411 1753 Victor
1438 1728 1501 1752 ex-

179 1780 323 1817 ercitus
343 1779 626 1829 opulentusque
647 1778 793 1828 praeda
807 1777 1089 1826 Carthaginem
1102 1777 1253 1815 Novam
1273 1778 1316 1814 in
1334 1777 1501 1813 hiberna

178 1846 236 1878 cst
255 1841 455 1878 deductus.
512 1841 546 1877 5.
578 1841 640 1876 Ibi
659 1841 768 1889 large
788 1839 996 1889 partiendo
1022 1839 1210 1888 praedam
1232 1839 1501 1888 stipendioque

177 1903 389 1953 praeterito
408 1915 497 1938 cum
525 1901 599 1938 fide
628 1901 858 1938 exsolvendo
887 1901 1037 1937 cunctis
1064 1901 1205 1937 civium
1234 1900 1501 1948 sociorumque

177 1964 320 2001 animis
351 1965 394 2000 in
426 1976 465 2000 se
497 1963 664 1999 firmatis
692 1975 783 1999 vere
816 1962 942 2011 primo
973 1962 1016 1998 in
1046 1962 1246 1998 Vaccaeos
1278 1965 1500 2012 promotum

177 2024 335 2062 bellum.
413 2025 448 2062 6.
479 2024 748 2061 Hermandica
785 2027 826 2059 et
864 2023 1072 2069 Arbocala,
1115 2035 1250 2058 eorum
1292 2022 1417 2068 urbes,
1460 2020 1501 2058 vi

177 2089 324 2135 captae.
394 2083 427 2122 7.
456 2085 654 2122 Arbocala
667 2089 706 2121 et
725 2084 873 2121 virtute
887 2087 927 2120 et
947 2083 1202 2120 multitudine
1215 2083 1499 2133 oppidanorum

176 2146 243 2184 diu
276 2145 459 2192 defensa3
498 2146 548 2182 ab
588 2145 854 2181 Hermandica
891 2144 1049 2194 profugi
1084 2144 1263 2181 exulibus
1298 2143 1499 2190 Olcadum,

178 2209 307 2259 priore
325 2211 477 2244 aestate
496 2207 665 2243 domitae
693 2206 834 2255 gentis,
855 2219 943 2242 cum
972 2218 1012 2241 se
1038 2205 1270 2251 iunxissent,
1299 2205 1500 2241 concitant

179 2271 434 2318 Carpetanos,
486 2268 521 2304 8.
552 2267 758 2315 adortique
787 2267 1056 2303 Hannibalem
1085 2278 1303 2314 regressum
1331 2278 1379 2302 ex
1399 2264 1500 2301 Vac-

177 2331 280 2370 caeis
318 2329 424 2366 haud
459 2328 593 2378 procul
629 2327 736 2377 Tago
781 2327 953 2372 flumine,
998 2338 1141 2375 agmen
1185 2338 1306 2375 grave
1351 2326 1498 2375 praeda
