1679 2553
615 143 678 169 CH.
709 143 837 176 xvm„
869 142 948 168 xix.
1393 129 1438 165 17

123 235 224 285 quod
279 236 346 273 diu
393 235 565 285 parturit
613 236 767 271 animus
822 238 960 279 vester,
1011 232 1223 282 aliquando
1276 231 1441 282 pariat.'’

125 298 184 335 13.
213 297 313 334 Tum
333 298 536 334 Romanus
553 297 642 333 sinu
661 309 710 333 ex
728 299 820 345 toga
838 295 944 332 facto
966 298 987 315 “
1004 295 1116 341 Hic‚''
1135 294 1278 343 inquit,
1295 296 1316 312 ‘⁴
1334 293 1440 330 vobis

122 358 268 395 bellum
287 362 327 395 et
346 371 481 408 pacem
495 362 720 408 portamus:
741 360 878 394 utrum
897 356 1036 406 placet,
1053 355 1228 393 sumite.''
1279 355 1336 391 14.
1360 354 1440 391 Sub

122 419 226 456 hanc
261 432 392 457 vocem
430 419 535 456 haud
572 419 701 455 minus
738 418 931 465 ferociter,
970 417 1094 463 daret,
1139 422 1274 454 utrum
1311 416 1441 462 vellet,

121 482 410 518 subclamatum
428 484 497 518 est.
545 481 599 517 Et
619 493 706 517 cum
725 480 758 517 is
775 480 920 517 iterum
939 479 1026 516 sinu
1046 479 1164 515 effuso
1183 478 1328 515 bellum
1349 478 1442 514 dare

122 542 292 590 dixisset,
313 543 486 592 accipere
500 554 539 579 se
551 554 684 579 omnes
698 541 984 591 responderunt
998 544 1049 587 et,
1066 541 1208 590 quibus
1222 539 1442 588 acciperent,

122 605 275 650 animis,
295 605 432 641 iisdem
451 617 490 641 se
509 609 699 653 gesturos.

174 723 278 761 XIX.
310 725 421 761 Haec
442 724 596 760 derecta
611 723 880 772 percunctatio
895 735 941 759 ac
955 721 1200 759 denuntiatio
1213 721 1303 758 belli
1319 722 1443 771 magis

124 800 169 824 ex
188 787 383 836 dignitate
402 786 535 836 populi
555 786 724 823 Romani
745 786 828 823 visa
848 789 908 823 est
926 798 1003 834 qua
1050 784 1111 826 ,de
1138 783 1339 820 foederum
1358 784 1455 821 iure·

123 848 251 886 verbis
270 848 499 897 disceptare,
528 861 616 885 cum
645 852 751 894 ante,
780 852 868 885 tum
897 861 932 884 m
1005 860 1065 884 me
1094 847 1271 896 Sagunto
1299 846 1439 883 excisa.

125 912 159 948 2.
187 910 296 947 Nam
323 910 355 946 si
388 910 594 946 verborum
628 910 919 960 disceptationis
945 922 1008 946 res
1044 912 1154 955 esset,
1185 907 1279 958 quid
1308 907 1444 944 foedus

124 971 386 1010 Hasdrubalis
405 984 493 1008 cum
513 972 654 1008 Lutati
680 971 807 1021 priore
833 971 999 1018 foedere,
1019 971 1122 1020 quod
1150 974 1352 1007 mutatum
1372 974 1442 1016 est,

123 1033 416 1083 conparandum
435 1035 549 1071 erat?
605 1035 638 1071 3.
662 1047 752 1071 cum
787 1034 830 1071 in
859 1034 1000 1070 Lutati
1026 1033 1179 1070 foedere
1206 1033 1348 1069 diserte
1375 1032 1442 1068 ad-

123 1096 251 1133 ditum
287 1099 399 1142 esset,
436 1096 494 1131 ita
532 1095 570 1131 id
602 1100 735 1132 ratum
766 1095 860 1141 fore,
891 1095 923 1132 si
952 1095 1118 1144 populus
1146 1095 1368 1141 censuisset,
1401 1094 1443 1130 in

124 1157 384 1195 Hasdrubalis
403 1157 556 1194 foedere
575 1170 646 1194 nec
668 1161 874 1207 exceptum
900 1157 982 1194 tale
1010 1157 1219 1207 quicquam
1247 1156 1382 1203 fuerit,
1403 1160 1443 1193 et

125 1223 182 1256 tot
201 1231 397 1256 annorum
415 1218 568 1255 silentio
587 1219 645 1255 ita
664 1219 753 1256 vivo
773 1232 816 1256 eo
835 1219 1120 1268 conprobatum
1140 1218 1193 1255 sit
1220 1217 1368 1264 foedus,
1398 1221 1444 1255 ut

123 1294 171 1318 ue
190 1284 345 1317 mortuo
364 1280 520 1329 quidem
540 1284 697 1317 auctore
716 1280 927 1330 quicquam
946 1282 1183 1317 mutaretur.
1231 1280 1267 1316 4.
1297 1280 1441 1324 Quam-

122 1356 253 1392 quam,
274 1342 347 1379 etsi
375 1342 503 1391 priore
530 1341 683 1379 foedere
710 1346 894 1389 staretur,
922 1342 1018 1379 satis
1045 1345 1206 1379 cautum
1235 1345 1322 1378 erat
1350 1341 1443 1390 Sag—

124 1405 283 1451 untinis,
312 1404 422 1441 sociis
448 1407 705 1453 utrorumque
732 1404 913 1454 exceptis.
969 1404 1077 1440 Nam
1107 1416 1232 1452 neque
1265 1402 1442 1440 additum

124 1469 211 1503 erat
231 1469 252 1486 “
268 1466 325 1512 iis,
346 1466 412 1515 qui
432 1469 528 1502 tunc
547 1470 674 1503 essent
687 1464 706 1480 '’
726 1478 797 1503 nec
825 1469 847 1485 “
860 1478 910 1502 ne
936 1466 1004 1515 qui
1035 1468 1168 1514 postea
1198 1465 1443 1521 adsumeren-

125 1531 192 1564 tur
206 1541 217 1574 3
234 1527 251 1542 ''
308 1527 342 1564 5.
372 1531 412 1564 et
431 1540 517 1564 cum
539 1526 741 1565 adsumere
760 1539 880 1564 novos
900 1527 1033 1564 liceret
1052 1527 1180 1571 socios,
1201 1527 1288 1576 quis
1306 1540 1327 1562 a
1376 1519 1441 1563 iun

122 1593 295 1626 censeret
314 1592 385 1626 aut
405 1590 453 1626 ob
472 1589 581 1626 nulla
595 1601 829 1639 quemquam
852 1590 994 1626 merita
1012 1590 1055 1625 in
1074 1589 1291 1625 amicitiam
1310 1538 1442 1639 rgdipi,

125 1655 196 1688 aut
223 1655 397 1701 receptos
423 1651 466 1688 in
494 1651 610 1688 fidem
647 1664 727 1688 non
763 1651 943 1689 defendi?
999 1651 1172 1687 Tantum
1200 1663 1250 1688 ne
1277 1650 1443 1687 Cartha·

123 1713 357 1763 giniensium
376 1714 476 1749 'socii
508 1717 579 1750 aut
599 1713 905 1750 sollicitarentur
923 1712 972 1750 ad
991 1712 1247 1750 defectionem
1273 1715 1345 1749 aut
1371 1725 1443 1749 sua

125 1778 263 1824 sponte
283 1775 534 1812 desciscentes
553 1776 832 1825 reciperentur.

179 1837 213 1874 6.
243 1837 385 1886 Legati
434 1837 606 1872 Romani
653 1837 703 1873 ab
752 1836 1005 1886 Carthagine,
1053 1836 1153 1873 sicut
1199 1837 1246 1873 iis
1294 1837 1443 1873 Romae

122 1899 357 1948 imperatum
387 1902 486 1946 erat,
519 1899 561 1934 in
591 1899 840 1948 Hispaniam,
870 1901 917 1935 ut
947 1899 1103 1936 adirent
1121 1898 1313 1945 civitates,
1334 1902 1380 1935 ut
1402 1898 1444 1935 in

123 1961 347 1998 societatem
363 1961 596 2010 perlicerent
614 1964 685 1997 aut
712 1964 938 1998 averterent
965 1974 990 1998 a
1018 1961 1168 2007 Poenis,
1189 1959 1441 1997 traiecerunt.

125 2022 159 2060 7.
189 2024 254 2060 Ad
292 2023 503 2072 Bargusios
539 2023 710 2071 primum
762 2026 978 2069 venerunt3
1018 2036 1042 2060 a
1089 2023 1232 2072 quibus
1276 2022 1445 2071 benigne

124 2084 287 2133 excepti,
304 2084 396 2133 quia
415 2083 597 2120 taedebat
614 2084 768 2133 imperii
782 2084 933 2131 Punici,
949 2084 1094 2121 multos
1112 2087 1226 2121 trans
1246 2084 1444 2121 Hiberum

124 2145 284 2195 populos
321 2145 371 2182 ad
407 2145 629 2194 cupidinem
662 2158 787 2182 novae
818 2145 1005 2183 fortunae
1035 2149 1255 2183 erexerunt.
1313 2146 1348 2182 8.
1378 2144 1444 2181 Ad

125 2207 335 2244 Volcianos
353 2207 444 2243 inde
463 2211 522 2243 est
550 2210 726 2253 ventum,
747 2219 915 2256 quorum
942 2207 1091 2244 celebre
1118 2219 1188 2256 per
1207 2207 1444 2256 Hispaniam

124 2280 349 2318 responsum
381 2272 527 2306 ceteros
564 2269 725 2318 populos
757 2270 808 2306 ab
845 2269 1030 2307 societate
1067 2269 1250 2306 Romana
1286 2268 1444 2305 avertit.

124 2329 190 2366 Ita
235 2330 339 2374 enim
386 2331 581 2368 maximus
624 2335 724 2369 natu
766 2344 815 2369 ex
855 2332 906 2370 ijs
939 2333 982 2369 in
1017 2331 1178 2369 concilio
1222 2330 1446 2381 respondit}

187 2397 222 2421 r.
244 2396 333 2422 XXI.
1322 2399 1344 2432 3

1474 241 1514 270 18

1473 485 1513 515 40

1475 730 1515 762 19

1475 978 1493 1007 <a

1479 1283 1517 1313 10

1482 1597 1520 1627 15

1478 1905 1517 1934 20

1482 2208 1521 2239 25
