1679 2553
596 131 658 157 GH.
690 130 812 165 XXXI„
842 130 968 155 xxxn.
1388 118 1436 155 29

121 217 170 260 ad
204 221 473 259 Hannibalem
504 221 682 271 delegata
711 224 822 267 esset,
851 220 1000 257 arbiter
1027 220 1138 269 regni
1165 220 1304 266 factus,
1336 221 1437 269 quod
1457 227 1493 256 31

121 297 166 321 ea
186 288 345 322 senatus
372 284 669 334 principumque
697 283 893 319 sententia
910 282 1054 328 fuerat,
1074 282 1283 331 imperium
1302 282 1440 319 maiori

120 346 306 383 restituit.
355 348 389 383 8.
420 346 479 382 Ob
497 345 536 381 id
555 345 741 381 merit-um
768 347 986 380 commeatu
1012 343 1196 392 copiaque
1215 356 1347 380 rerum
1362 357 1440 380 om-

121 408 243 454 nium,
267 408 436 444 maxime
463 407 591 452 vestis,
612 410 667 443 est
697 406 866 452 adiutus,
887 418 1006 455 quam
1034 405 1201 442 infames
1229 405 1441 454 frigoribus

121 469 243 518 Alpes
261 482 447 519 praepara
454 470 487 506 ri
506 469 707 518 cogebant.
1457 477 1496 506 20

177 531 210 567 9.
242 530 395 567 Sedatis
425 530 631 566 Hannibal
649 529 932 566 certaminibus
951 529 1209 578 Allobrogum
1241 541 1330 566 eum
1360 529 1440 566 iam

120 592 236 642 Alpis
276 596 439 642 peteret,
478 605 556 627 non
594 595 701 628 recta
740 591 896 640 regione
941 591 1017 627 iter
1053 590 1240 637 instituit,
1278 591 1343 627 sed
1390 591 1441 627 ad

122 654 276 691 laevam
319 654 360 690 in
398 653 635 690 Tricastinos
663 653 794 689 flexit:
842 652 930 688 inde
968 665 1036 702 per
1073 656 1291 689 extremam
1329 665 1440 689 oram

122 715 405 753 Vocontiorum
425 715 511 764 agri
530 715 659 751 tendit
678 715 718 751 in
732 715 931 759 Tricoriosy
952 714 1058 750 haud
1079 728 1243 763 usquam
1264 715 1440 764 inpedita

122 778 198 824 via,
219 778 448 828 priusquam
468 777 518 813 ad
544 777 782 813 Druentiam
813 777 957 812 ssumcn
993 776 1181 824 pervenit.
1243 777 1300 813 10.
1333 778 1373 813 Is
1401 781 1441 814 et
1456 782 1495 811 25

122 839 201 888 ipse
234 839 404 887 Alpinus
434 839 562 875 amnis
594 839 708 887 longe
726 839 901 875 omnium
931 838 1084 875 Galliae
1104 838 1311 875 fluminum
1347 839 1442 875 diffi-

122 901 289 937 cillimus
326 901 499 937 transitu
537 904 621 946 est;
681 901 739 937 11.
772 913 878 947 nam,
917 913 1004 936 cuin
1043 913 1169 949 aquae
1208 900 1287 936 vim
1322 901 1440 937 vehat

121 962 334 1011 ingentem,
375 975 453 999 non
500 967 630 999 tamen
679 963 839 999 navium
886 963 1040 1011 patiens
1085 966 1155 1006 est,
1193 962 1285 1011 quia
1324 962 1442 999 nullis

121 1024 308 1061 coercitus
335 1025 439 1073 ripis,
474 1024 651 1073 pluribus
678 1024 793 1060 simul
822 1036 947 1073 neque
975 1024 1110 1060 iisdem
1149 1024 1269 1060 alveis
1306 1024 1440 1071 fluens,

121 1098 221 1122 nova
240 1098 390 1134 semper
418 1086 519 1122 vada
539 1098 732 1134 novosque
761 1086 887 1134 gignit
907 1086 1092 1134 gurgites.
1153 1086 1206 1121 Et
1235 1086 1283 1122 ob
1303 1086 1437 1123 eadem
1457 1091 1496 1120 30

122 1147 242 1196 pediti
261 1160 413 1196 quoque
432 1147 583 1183 incerta
603 1148 666 1183 via
686 1152 767 1194 est3
806 1148 854 1183 ad
877 1147 945 1184 hoc
965 1160 1057 1183 saxa
1078 1147 1255 1196 glareosa
1285 1147 1443 1185 volvens

122 1209 219 1245 nihil
252 1209 392 1245 stabile
430 1221 500 1244 nec
537 1212 671 1245 tutum
690 1209 926 1257 ingredienti
947 1209 1117 1258 praebet.
1179 1211 1237 1246 12.
1282 1210 1334 1246 Et
1355 1215 1441 1247 tum

121 1270 224 1307 forte
241 1271 431 1307 imbribus
449 1274 589 1307 auctus
607 1271 807 1319 ingentem
827 1271 1207 1320 transgredientibus
1224 1273 1442 1309 tumultum

122 1332 226 1379 fecit,
246 1345 335 1369 cum
365 1345 481 1382 super
500 1338 627 1370 cetera
658 1334 920 1382 trepidatione
938 1334 1012 1384 ipsi
1043 1347 1114 1371 sua
1134 1340 1253 1383 atque
1280 1335 1440 1372 incertis

121 1394 355 1432 clamoribus
368 1395 641 1433 turbarentur.
1457 1397 1496 1426 35

175 1513 337 1553 XXXII.
386 1516 429 1554 P.
452 1515 653 1552 Cornelius
698 1516 830 1552 consul
876 1516 1006 1553 triduo
1051 1516 1133 1553 sere
1179 1521 1276 1566 post,
1322 1529 1495 1566 qua11132

124 1577 327 1613 Hannibal
346 1577 468 1626 aripa
489 1577 670 1614 Rhodani
690 1578 822 1622 movit,
848 1578 1041 1626 quadrato
1069 1578 1225 1627 agmine
1244 1579 1293 1615 ad
1312 1583 1442 1615 castra

124 1639 294 1675 hostium
355 1643 529 1686 venerat,
586 1640 738 1675 nullam
795 1639 1003 1676 dimicandi
1054 1653 1205 1676 moram
1249 1640 1440 1678 facturus.

125 1702 158 1737 2.
189 1700 373 1737 Ceterum
411 1701 478 1737 ubi
510 1700 662 1737 deserta
696 1701 940 1738 munimenta
969 1714 1040 1739 nec
1076 1701 1187 1738 facile
1214 1714 1254 1738 se
1281 1706 1442 1739 tantum

124 1775 367 1812 praegressos
403 1763 682 1799 adsecuturum
713 1763 829 1810 videt,
867 1763 917 1800 ad
955 1776 1062 1800 mare
1095 1776 1140 1800 ac
1170 1765 1281 1801 navis
1313 1765 1473 1813 1·ediit,5

125 1824 250 1860 tutius
279 1824 506 1872 faciliusque
534 1825 593 1860 ita
613 1824 860 1862 descendenti
877 1826 928 1862 ab
955 1826 1124 1875 Alpibus
1144 1826 1367 1863 Hannibali
1386 1840 1442 1864 oc-

124 1897 317 1923 cursurus,
377 1886 410 1922 3.
442 1885 504 1922 Ne
536 1890 671 1922 tamen
703 1886 811 1923 nuda
841 1887 996 1924 auxiliis
1026 1888 1214 1925 Romanis
1245 1889 1442 1938 Hispania

123 1950 234 1994 esset,
253 1960 373 1996 quam
392 1947 630 1996 provinciam
649 1949 812 1985 sortitus
828 1953 927 1996 erat,
948 1949 1016 1988 Gn.
1039 1950 1257 2000 Scipionem
1275 1951 1442 1988 fratrem

124 2021 213 2045 cum
232 2009 405 2045 maxima
440 2014 552 2058 parte
571 2010 770 2058 copiarum
804 2010 989 2047 adversus
1012 2012 1304 2050 Hasdrubalem
1324 2013 1441 2060 misit,

125 2069 198 2120 (4.)
226 2082 306 2106 non
334 2070 384 2106 ad
413 2070 578 2107 tuendos
610 2072 887 2109 tantummodo
915 2077 1064 2110 veteres
1092 2074 1210 2111 socios
1237 2075 1442 2112 concilian-
1460 2080 1496 2108 10

126 2131 268 2180 ‹losque
275 2144 404 2178 novos,
414 2132 478 2169 sed
491 2133 612 2169 etiam
625 2133 673 2169 ad
687 2134 911 2182 pellendum
927 2134 1124 2185 Hispania
1137 2135 1440 2174 Hasdrubalem.

127 2194 162 2230 5.
191 2193 282 2242 Ipse
310 2207 398 2230 cum
427 2194 634 2232 admodum
662 2197 812 2244 exiguis
850 2197 967 2246 copiis
995 2197 1175 2235 Genuam
1216 2199 1370 2248 repetit,
1399 2211 1443 2236 eo

126 2254 196 2304 qui
214 2255 316 2292 circa
336 2255 488 2293 Padum
508 2260 593 2293 erat
613 2258 805 2294 exercitus
827 2259 990 2295 Italiam
1005 2259 1245 2298 defensurus.

182 2316 215 2354 6.
247 2317 455 2354 Hannibal
487 2331 512 2354 a
546 2319 743 2356 Druentia
781 2321 990 2370 campestri
1023 2322 1194 2359 maxime
1223 2322 1365 2359 itinere
1394 2322 1445 2360 ad
