1679 2553
590 151 653 178 cn.
684 151 1029 178 xxxva—XXXIX.
1425 142 1474 180 35

208 241 431 280 XXXVIII.
463 243 549 280 Hoc
568 245 738 282 maxime
757 245 869 282 modo
887 245 930 281 in
958 244 1122 281 Italiam
1141 247 1376 293 perventum
1403 248 1473 292 est,

155 305 294 353 quinto
313 317 445 342 mense
465 318 489 341 a
510 305 884 354 CarthagineNova,
905 309 952 343 ut
980 304 1141 354 quidam
1161 307 1339 342 auctores
1366 309 1475 352 sunt,

154 366 292 415 quinto
329 367 475 404 decimo
507 367 568 405 die
600 368 770 416 Alpibus
802 368 1007 417 superatis.
1066 368 1099 404 2.
1131 367 1316 411 Quantae
1344 367 1475 416 copiae

154 431 398 477 transgresso
416 429 458 465 in
479 429 641 465 Italiam
663 429 885 466 Hannibali
904 429 1067 476 fuerint,
1096 440 1349 477 nequaquam
1370 429 1475 465 inter

153 493 332 526 auctores
363 493 526 527 constat.
584 490 661 534 Qui
698 490 924 540 plurimum,
963 493 1118 527 centum
1158 488 1267 526 milia
1300 489 1473 538 peditum

154 550 295 599 viginti
309 553 489 600 equitum
508 551 627 588 fuisse
646 552 845 599 scribunt,
866 552 934 601 qui
953 552 1173 597 minimum,
1202 551 1345 600 viginti
1365 551 1474 587 milia

152 612 338 661 peditum,
360 626 426 650 sex
441 613 627 662 equitum.
678 613 711 651 3.
735 614 779 650 L.
796 613 953 650 Cincius
967 613 1206 659 Alimentus,
1228 612 1296 661 qui
1315 616 1473 661 captum

151 685 192 710 se
218 674 269 711 ab
289 674 520 711 Hannibale
546 674 694 721 scribit,
714 675 884 711 maxime
911 678 1050 711 auctor
1078 677 1264 719 moveret,
1285 672 1360 710 nisi
1388 686 1475 710 con-

151 734 337 773 funderet
355 748 564 773 numerum
579 735 705 772 Gallis
725 736 1013 785 Liguribusque
1032 735 1176 772 additis
1187 748 1199 782 3
1230 735 1264 771 4.
1295 747 1384 771 cum
1414 734 1475 770 his

152 797 351 847 octoginta
371 797 481 834 milia
500 797 689 848 peditum,
709 797 838 833 docem
857 798 1035 846 equitum
1065 796 1330 833 adducta—in
1351 796 1474 832 Italia

152 859 276 908 magis
290 859 498 896 adfluxisse
512 859 595 896 veri
613 858 737 895 simile
752 862 822 903 est,
839 862 879 895 et
898 859 956 895 ita
976 859 1135 907 quidam
1157 863 1335 894 auctores
1355 861 1449 894 sunt
1462 871 1472 903 ;

153 922 187 958 5.
217 933 265 958 ex
290 920 373 970 ipso
400 924 535 957 autem
563 921 715 957 audisse
735 920 977 966 Hannibale,
998 923 1209 969 postquam
1232 918 1471 955 Rhodanum

151 983 366 1028 transierit,
374 982 541 1031 triginta
553 994 620 1019 sex
631 982 741 1018 milia
754 981 958 1018 hominum
970 982 1247 1029 ingentemque
1263 992 1469 1016 numerum

151 1055 339 1092 equorum
358 1045 399 1080 et
426 1043 592 1079 aliorum
621 1043 887 1079 iumentorum
916 1043 1099 1078 amisisse.
1156 1040 1320 1077 Taurini
1350 1040 1470 1078 Semi-

151 1105 245 1154 galli
278 1116 469 1153 proxuma
501 1116 596 1153 gens
614 1107 702 1140 erat
729 1104 771 1139 in
800 1104 964 1140 Italiam
994 1104 1181 1151 degresso.
1241 1103 1275 1139 6.
1306 1102 1354 1138 Id
1383 1115 1470 1138 cum

150 1167 255 1203 inter
273 1177 407 1202 omnes
426 1168 588 1211 constet,
609 1177 652 1201 eo
672 1165 796 1213 magis
815 1164 936 1200 miror
964 1164 1123 1212 ambigi,
1153 1175 1327 1212 quanam
1357 1162 1471 1211 Alpis

149 1227 363 1272 transierit,
385 1230 425 1263 et
451 1227 568 1275 vulgo
587 1226 742 1262 credere
770 1226 1117 1273 Poenino—atque
1146 1224 1236 1261 inde
1265 1236 1407 1260 nomen
1436 1224 1471 1260 ei

149 1289 240 1337 iugo
258 1287 422 1337 Alpium
441 1287 966 1336 inditum—transgressum,
988 1285 1162 1322 Coelium
1183 1298 1251 1334 per
1271 1284 1472 1321 Cremonis

148 1351 286 1399 iugum
318 1348 443 1386 dicere
474 1349 687 1396 transisse3
744 1348 778 1385 7.
808 1349 875 1397 qui
909 1348 1024 1383 ambo
1056 1347 1182 1383 saltus
1209 1359 1299 1383 eum
1322 1359 1400 1382 non
1428 1347 1467 1382 in

149 1410 352 1456 Taurinos,
389 1409 455 1446 sed
491 1421 560 1459 per
598 1409 772 1446 Salassos
810 1408 1024 1445 Montanos
1069 1408 1118 1444 ad
1157 1408 1301 1444 Libuos
1337 1407 1470 1444 Gallos

149 1471 409 1508 deduxissent.
466 1471 500 1507 8.
531 1470 615 1507 Nee
649 1470 730 1506 veri
760 1470 886 1506 simile
918 1473 978 1507 est
1015 1482 1060 1505 ea
1089 1472 1176 1505 tum
1214 1468 1265 1504 ad
1298 1468 1467 1504 Galliam

147 1531 319 1581 patuisse
338 1531 675 1580 itine1a3utique,
689 1544 791 1580 quae
811 1531 860 1567 ad
876 1531 1095 1568 Poeninum
1109 1529 1169 1566 fer
1171 1533 1257 1576 unt,
1278 1529 1467 1578 obsaepta

146 1593 331 1643 gentibus
342 1593 637 1642 semigeimanis
651 1592 829 1630 fuissent.
876 1594 910 1630 9.
931 1592 1072 1642 Neque
1093 1591 1249 1628 hercule
1269 1591 1468 1628 montibus

146 1655 218 1701 his,
255 1655 288 1692 si
317 1667 433 1704 quem
466 1656 569 1692 forte
600 1655 640 1691 id
669 1658 811 1701 mov‚et
846 1655 897 1691 ab
929 1654 1103 1690 transitu
1137 1653 1358 1689 Poenmum
1388 1653 1468 1690 ullo

147 1716 293 1754 Seduni
321 1716 506 1765 Veragii,
536 1716 686 1753 incolae
713 1716 796 1765 iugi
827 1716 920 1762 cius,
949 1727 1092 1752 nomen
1120 1715 1254 1751 n01int
1282 1714 1464 1759 inditum,

144 1778 210 1814 sed
239 1778 290 1814 ab
322 1790 377 1823 eo,
413 1790 529 1826 quom
566 1778 607 1813 in
644 1790 795 1814 summo
828 1779 1029 1813 sacratum
1066 1776 1210 1813 vertice
1247 1775 1462 1811 Poeninum

144 1839 325 1876 montani
351 1839 567 1888 appellant.

199 1956 376 1995 XXXIX.
421 1958 718 2008 Peropportune
765 1959 815 1995 ad
860 1958 1052 2007 principia
1098 1970 1230 1994 rerum
1284 1956 1465 1993 Taurinis

144 2020 344 2070 proximae
363 2020 473 2068 genti
491 2019 676 2057 adversus
695 2021 882 2057 Insubres
901 2023 1053 2056 motum
1071 2019 1218 2056 bellum
1237 2022 1335 2055 erat.
1392 2017 1465 2054 Sed

145 2094 302 2119 armare
321 2081 535 2119 exercitum
556 2080 777 2128 Hannibal,
798 2085 845 2118 ut
863 2082 969 2130 parti
989 2081 1106 2118 alteri
1124 2080 1271 2118 auxilio
1290 2083 1402 2126 esset,
1423 2079 1464 2116 in

143 2143 349 2181 reficiendo
384 2144 556 2180 maxime
593 2143 828 2180 sentientem
857 2146 1063 2180 contracta
1100 2146 1195 2180 ante
1231 2141 1348 2188 mala,
1386 2152 1465 2177 non

143 2209 300 2255 poterat
314 2219 326 2253 ;
355 2206 391 2243 2.
419 2205 546 2242 otium
573 2206 679 2242 enim
712 2218 759 2242 ex
786 2206 931 2252 labore,
959 2205 1070 2255 copia
1088 2216 1138 2242 ex
1162 2203 1307 2253 inopia,
1336 2202 1466 2240 cultus

144 2280 192 2304 ex
218 2267 366 2304 inluvie
397 2268 568 2315 tabeque
587 2266 766 2316 squalida
784 2270 826 2304 et
843 2279 964 2316 prope
983 2267 1146 2303 efferata
1165 2277 1327 2314 corpora
1356 2264 1467 2300 varie

146 2329 339 2366 movebat.
397 2329 433 2366 3.
464 2329 523 2365 Ea
552 2328 596 2366 P.
619 2328 798 2366 Cornelio
816 2328 964 2366 consuli
991 2340 1110 2365 causa
1129 2328 1219 2375 fuit,
1239 2339 1327 2364 cum
1356 2326 1467 2364 Pisas

1504 809 1543 840 10

1499 1419 1539 1448 20

1496 1727 1536 1757 25

1493 1963 1535 1996 39

1493 2210 1511 2238 ὑ
