1679 2553
639 117 702 143 cn.
735 116 837 149 xxv„
868 116 972 141 XXVI.
1416 106 1464 142 23

146 221 298 262 tempus
328 215 427 258 erat,
446 210 520 247 fide
551 207 933 258 conprehenduntur‚
954 208 1192 256 negantibus
1225 209 1361 254 Gallis,
1392 210 1465 246 nisi
1482 217 1523 249 25

144 273 292 310 obsides
318 273 390 309 sibi
410 273 677 318 redderentur,
708 283 771 307 eos
804 270 1040 306 dimissuros.
1098 271 1133 307 8.
1164 270 1265 308 Cum
1297 271 1392 307 haee
1420 271 1467 307 de

144 334 284 384 legatis
302 335 489 371 nuntiata
508 337 646 379 essent,
666 336 707 368 et
726 331 888 367 Mutina
899 331 1213 380 praesidiumque
1232 332 1275 368 in
1294 332 1464 380 periculo
1485 338 1523 368 25

144 400 254 441 esset,
297 396 340 434 L.
372 395 549 431 Manlius
598 397 754 444 praetor
794 393 853 428 ira
891 404 1074 428 accensus
1119 393 1281 430 effusum
1325 406 1465 442 agmen

143 458 194 494 ad
240 457 442 494 Mutinam
475 457 593 493 ducit.
669 457 702 493 9.
753 455 884 492 Silvae
920 457 1019 490 tunc
1049 455 1151 491 circa
1190 455 1295 491 viam
1349 460 1466 491 erant

143 519 336 568 plerisque
373 518 540 554 incultis.
617 517 679 554 Ibi
716 516 960 565 inexplorato
1002 515 1200 564 profectus
1236 516 1278 553 in
1306 517 1466 553 insidias

143 581 440 630 praecipitatur,
492 579 696 628 multaque
746 590 834 615 cum
885 577 1001 613 caede
1050 590 1209 614 suorum
1260 591 1376 627 aegre
1424 579 1465 614 in

142 646 296 691 apertos
314 654 469 691 campos
487 641 653 678 emersit.
714 640 771 676 10.
795 639 859 675 Ibi
877 644 1007 675 eastra
1026 640 1280 686 communita,
1300 644 1351 684 et,
1372 640 1465 689 quia
1484 657 1521 686 30

143 703 265 740 Gallis
293 703 342 740 ad
374 702 604 752 temptanda
635 715 680 739 ea
714 701 840 738 defuit
868 712 965 749 spes,
1001 700 1136 736 refecti
1166 704 1260 737 sunt
1293 702 1461 738 militum

142 765 275 811 animi,
313 777 554 814 quamquam
590 763 640 800 ad
676 766 868 800 sescentos
897 761 1073 798 cecidisse
1111 763 1208 799 satis
1245 764 1461 800 constabat.

144 826 203 864 11.
233 827 319 863 Iter
336 826 473 862 deinde
492 826 538 862 de
555 826 708 874 integro
736 828 928 872 coeptum,
956 836 1036 869 nec,
1066 824 1158 860 dum
1188 837 1256 873 per
1283 826 1464 874 patentia

141 887 224 924 loca
261 887 477 924 ducebatur
513 900 667 936 agmen,
705 886 889 935 apparuit
928 884 1075 931 hostis3
1135 886 1193 923 12.
1226 886 1292 922 ubi
1330 900 1466 923 rursus

140 949 260 986 silvae
278 949 464 994 inti-atae,
492 952 578 985 tum
608 952 823 997 postremos
850 946 978 982 adorti
1006 959 1095 982 cum
1124 959 1268 995 magna
1298 948 1465 997 trepida·
1483 960 1520 988 35

141 1011 246 1047 tione
265 1024 310 1047 ac
329 1023 472 1061 pavore
491 1011 664 1047 omnium
683 1010 949 1058 septingentos
977 1007 1122 1043 milites
1144 1008 1377 1055 occiderunt,
1398 1023 1464 1046 sex

140 1072 251 1121 signa
283 1072 472 1108 ademere.
533 1072 590 1108 13.
625 1071 729 1107 Finis
756 1075 797 1107 et
825 1069 947 1105 Gallis
983 1069 1196 1106 territandi
1224 1075 1264 1106 et
1292 1072 1463 1120 pavendi

140 1133 219 1170 fuit
239 1133 439 1180 Romanis,
460 1137 504 1170 ut
523 1146 543 1170 e
562 1133 667 1170 saltu
686 1133 792 1169 invio
811 1135 931 1180 atque
950 1130 1122 1181 inpedito
1143 1143 1310 1168 evasere.
1362 1133 1461 1170 Inde

139 1196 286 1244 apertis
322 1195 412 1231 locis
454 1194 568 1231 facile
604 1198 785 1232 tutantes
827 1205 970 1241 agmen
1018 1193 1188 1229 Romani
1225 1193 1462 1241 Tannetum,

140 1257 267 1293 vicum
288 1257 516 1306 propincum
536 1257 655 1302 Pado,
677 1255 917 1294 contendere.
980 1254 1037 1291 14.
1070 1254 1134 1290 Ibi
1154 1267 1193 1290 se
1214 1256 1461 1293 munimento
1482 1259 1520 1287 40

128 1317 188 1355 'ad
207 1322 362 1367 tempus
381 1318 737 1367 commeatibusque
764 1316 938 1354 fluminis
964 1319 1005 1352 et
1035 1315 1313 1353 Brixianorum
1342 1318 1461 1355 etiam

138 1379 340 1416 Gallorum
359 1380 503 1416 auxilio
523 1380 708 1417 adversus
726 1382 962 1417 crescentem
981 1377 1024 1414 in
1052 1377 1132 1413 (lies
1161 1377 1458 1417 multitudinem

139 1441 309 1478 hostium
334 1442 588 1479 tutabantur.

189 1559 329 1598 XXVI.
360 1561 436 1606 Qui
464 1561 662 1599 tumultus
679 1575 817 1612 repens
846 1568 1053 1614 postquam
1081 1567 1140 1601 est
1169 1564 1338 1600 Romam
1372 1575 1455 1611 per·
1480 1562 1521 1593 26

138 1623 253 1669 latus,
287 1627 328 1660 et
369 1623 563 1660 Punicum
590 1624 749 1673 insuper
777 1624 926 1662 Gallico
956 1625 1101 1662 bellum
1138 1629 1300 1662 auctum
1328 1628 1462 1673 patres

137 1688 383 1734 acceperunt,
424 1684 495 1735 (2.)
525 1685 567 1722 O.
596 1686 767 1722 Atilium
806 1690 1027 1734 praetorem
1078 1700 1166 1723 cum
1195 1699 1275 1722 una
1312 1686 1462 1733 legione

139 1746 320 1782 Romana
338 1751 379 1783 et
397 1746 569 1795 quinque
588 1747 745 1783 milibus
764 1747 954 1784 sociorum
973 1747 1119 1784 dilectu
1145 1760 1244 1784 novo
1263 1759 1286 1782 a
1305 1747 1461 1783 consule

137 1808 364 1857 conscriptis
400 1807 593 1845 auxilium
627 1807 732 1845 ferre
769 1808 922 1845 Manlio
965 1810 1114 1855 iubent,
1157 1809 1224 1858 qui
1261 1809 1344 1845 sine
1381 1808 1460 1844 ullo
1482 1810 1500 1839 5

138 1869 695 1906 certamine—abscesserant
731 1871 837 1907 enim
874 1875 983 1908 metu
1030 1871 1216 1908 hostes—
1234 1871 1461 1906 Tannetum

139 1931 328 1979 pervenit.

191 1992 225 2029 3.
257 1992 310 2029 Et
330 1993 372 2029 P.
394 1992 597 2029 Cornelius
615 1992 657 2029 in
683 1992 810 2030 locum
838 1993 932 2040 eius,
953 2007 1054 2043 quae
1084 1995 1200 2031 missa
1228 2006 1317 2030 cum
1350 2005 1462 2042 prae-

137 2057 222 2091 tore
240 2057 338 2100 erat,
358 2054 502 2103 scripta
520 2053 671 2102 legione
698 2067 800 2091 nova
828 2055 1025 2104 profectus
1052 2056 1102 2092 ab
1130 2056 1226 2093 urbe
1254 2055 1461 2104 sexaginta

137 2115 264 2164 longis
282 2116 446 2152 navibus
464 2119 622 2164 praeter
648 2128 757 2152 oram
786 2116 972 2153 Etruriae
1003 2117 1272 2166 Ligurumque
1304 2120 1345 2154 et
1372 2116 1462 2154 inde
1486 2122 1524 2152 lo

138 2177 357 2214 Salluvium
375 2178 519 2214 montis
546 2178 724 2226 pervenit
744 2177 974 2225 Massiliam,
1031 2179 1065 2215 4.
1095 2182 1134 2215 et
1161 2179 1211 2215 ad
1238 2178 1461 2229 proximum

136 2238 280 2275 ostium
300 2238 716 2288 Rhodani—pluribus
734 2239 837 2276 enim
867 2240 1012 2276 divisus
1039 2239 1166 2276 amnis
1194 2240 1236 2277 in
1264 2252 1373 2276 mare
1402 2240 1459 2276 de-

138 2300 444 2344 currit—castra
480 2301 594 2347 locat,
642 2301 803 2348 vixdum
845 2301 943 2346 satis
987 2302 1148 2349 credens
1190 2300 1460 2346 Hannibalem
