1679 2553
648 119 710 144 cn.
742 119 810 154 XL,
840 118 910 143 ΧΠ.
1390 107 1433 143 11

119 210 313 259 dispositis
363 224 494 248 muros
540 210 806 248 defensoribus
852 211 1049 257 nudasset,
1095 214 1182 248 tum
1233 211 1438 248 Hannibal
1460 219 1497 249 11

118 272 354 309 occasionem
374 276 489 310 ratus
518 273 755 322 quingentos
784 272 907 310 ferme
938 272 1058 309 Afros
1077 286 1165 309 cum
1195 272 1363 309 dolabris
1391 272 1439 309 ad

118 333 385 371 subruendum
422 334 473 370 ab
501 334 581 371 imo
617 347 774 370 murum
803 334 939 371 mittit.
997 334 1032 370 ὃ.
1063 334 1146 370 Nec
1174 338 1261 371 erat
1289 334 1440 370 difficile

118 407 226 444 opus,
252 395 354 444 quod
382 400 586 432 caementa
611 408 690 431 non
715 395 820 432 calce
848 395 991 432 durata
1019 399 1146 442 erant,
1172 395 1236 432 sed
1261 395 1440 432 interlita
1459 405 1497 434 30

118 456 203 493 luto
216 454 457 525 ἲεῢτυοὺιιτὶιθ
489 457 680 506 antiquae
713 469 865 505 genere.
925 459 958 494 9.
990 457 1133 505 Itaque
1159 456 1290 503 latius,
1320 469 1440 506 quam

119 531 198 568 qua
238 518 477 564 caederetur,
520 519 674 565 ruebat,
712 531 858 568 perque
903 519 1084 568 patentia
1121 519 1246 555 ruinis
1281 518 1384 568 agm'
1418 531 1441 554 a

119 583 363 616 armatorum
383 580 424 616 in
445 580 581 616 urbem
603 579 812 617 vadebant.
873 581 931 618 10.
954 581 1003 616 L(
1013 593 1100 617 cum
1120 593 1273 629 quoque
1292 532 1441 616 esfifixijffi

119 641 306 690 capiunt3
334 641 576 690 conlatisque
595 655 638 678 eo
657 642 871 691 catapultis
898 642 1151 691 ballisisque,
1172 647 1217 678 ut
1236 642 1441 679 castellum

119 704 161 740 in
205 703 289 752 ipsa
326 703 423 740 urbe
460 704 572 740 velut
618 716 746 740 arcem
783 703 1041 740 inminentem
1088 704 1291 749 haberent,
1329 716 1442 740 muro
1458 710 1496 740 35

119 764 391 811 circumdant,
419 769 459 802 et
492 764 703 813 Saguntini
737 778 894 802 murum
924 766 1149 802 interim-em
1183 765 1234 801 ab
1267 765 1441 802 nondum

119 830 237 875 capta
276 829 392 875 parte
429 827 538 862 urbis
575 826 738 863 ducunt.
817 828 875 863 11.
909 827 1122 876 Utrimque
1159 840 1314 863 summa
1335 827 1442 863 vict

121 887 308 924 muniunt
327 892 366 924 et
385 891 593 936 pugnant3
627 888 692 925 sed
709 889 899 926 interiora
928 889 1073 925 tuendo
1094 889 1284 925 minorem
1304 889 1345 925 in
1364 888 1444 924 dies

121 950 257 986 urbem
279 949 490 998 Saguntini
510 949 673 986 faciunt.
732 950 792 986 12.
824 950 948 987 Simul
963 964 1018 986 cr(
1027 951 1099 987 scit
1118 950 1249 999 inopia
1268 950 1441 987 omnium

122 1011 239 1060 longa
258 1011 454 1047 obsidione
483 1015 523 1047 et
556 1011 751 1047 minuitur
782 1012 998 1061 expet-tatio
1027 1019 1212 1048 externae
1240 1012 1332 1060 opis,
1353 1025 1440 1047 cum
1460 1018 1498 1047 >10

121 1075 207 1108 tam
225 1072 358 1121 procul
380 1072 562 1117 Romani,
583 1073 699 1108 unica
719 1085 815 1122 spes,
836 1073 938 1109 circa
958 1074 1088 1109 omnia
1110 1073 1280 1109 hostium
1301 1077 1440 1109 essent.

125 1134 185 1170 13.
215 1133 419 1182 Paulisper
457 1137 592 1169 tamen
622 1133 797 1170 adfectos
829 1135 980 1170 animos
1012 1135 1202 1171 remeavit
1236 1135 1444 1183 repentina

122 1193 310 1244 profectio
339 1194 581 1231 Hannibalis
616 1195 658 1231 in
688 1195 880 1232 Oretanos
909 1195 1240 1245 Carpetanosque‚
1274 1196 1340 1246 qni
1369 1196 1444 1232 duo

123 1255 267 1305 populi,
306 1256 470 1292 dilectus
506 1256 723 1292 acerbitate
761 1257 1014 1302 consternati,
1054 1258 1218 1293 retentis
1253 1258 1443 1307 conquisi-

120 1309 275 1354 toribus
321 1321 470 1354 metum
526 1317 753 1354 defectionis
799 1331 886 1355 cum
933 1319 1216 1368 praebuissent,
1273 1319 1445 1368 oppressi
1463 1321 1502 1350 45

124 1380 325 1417 celeritate
354 1379 596 1416 Hannibalis
624 1380 840 1418 omiserunt
868 1386 975 1418 mota
1002 1394 1126 1417 arma.

178 1498 269 1537 XII.
300 1500 384 1537 Nec
415 1501 583 1550 Sagunti
621 1502 860 1550 oppugnatio
897 1501 1050 1549 segnior
1086 1505 1174 1537 erat
1213 1501 1445 1537 Maharbale
1464 1506 1502 1536 12

127 1562 362 1599 Himilconis
399 1562 477 1598 filio
491 1575 620 1598 -eum
659 1562 902 1611 praefecerat
940 1562 1258 1598 Hannibalvita
1294 1563 1446 1611 inpigre

127 1636 208 1660 rem
229 1627 383 1672 agente,
404 1627 449 1659 ut
469 1623 602 1660 ducem
624 1624 755 1660 abesse
784 1637 854 1660 nec
873 1625 975 1660 cives
994 1636 1062 1660 nec
1083 1623 1212 1659 hostes
1239 1624 1444 1661 sentirent.

130 1686 165 1722 2.
194 1685 237 1721 Is
264 1688 304 1721 et
331 1685 478 1733 proclia
509 1685 661 1733 aliquot
690 1684 859 1722 secunda
890 1685 992 1731 fecit,
1029 1689 1068 1721 ct
1100 1685 1228 1721 tribus
1257 1686 1447 1721 arietibus

127 1746 377 1794 aliquantum
424 1746 527 1782 muri
572 1746 759 1792 discussit,
799 1750 1005 1795 strataque
1049 1747 1182 1782 omnia
1226 1747 1446 1783 recentibus
1464 1753 1482 1782 5

127 1807 252 1843 ruinis
270 1806 496 1860 a-ssvssm'enti
526 1807 747 1843 Hannibali
775 1808 955 1844 ostendit.
1015 1808 1046 1844 3.
1082 1808 1225 1856 Itaque
1243 1808 1291 1843 ad
1322 1808 1445 1855 ipsam

127 1881 256 1906 arcem
289 1869 483 1918 extemplo
517 1860 660 1905 dffis
682 1870 886 1915 exercitus,
917 1874 1108 1918 atroxque
1140 1869 1327 1917 proelium
1357 1882 1446 1906 cum

129 1930 341 1967 multorum
362 1931 560 1980 utrimque
579 1930 693 1966 caede
712 1930 867 1977 initum,
889 1935 928 1967 et
947 1944 1039 1980 pars
1057 1931 1157 1967 arcis
1176 1934 1291 1980 capta
1310 1935 1379 1968 est.

181 1992 392 2041 Temptata
412 1992 550 2029 deinde
568 2005 637 2041 per
657 1992 751 2028 duos
770 1997 828 2028 est
856 1993 998 2041 exigua
1018 1993 1122 2041 pacis
1141 2005 1237 2042 speS,
1258 1992 1447 2029 Alconem

131 2053 397 2102 Saguntinum
415 2058 456 2090 et
468 2054 656 2090 Alorcum
677 2053 913 2102 Hispanum.
971 2055 1005 2090 4.
1037 2055 1135 2090 Alco
1149 2054 1279 2090 insciis
1299 2055 1447 2103 Sagun·
1468 2056 1507 2085 10

130 2115 235 2161 tinis,
256 2115 434 2164 precibus
453 2115 599 2164 aliquid
620 2119 818 2152 moturum
849 2119 971 2161 ratus,
992 2129 1080 2152 cum
1100 2116 1148 2152 ad
1178 2117 1447 2153 Hannibalem

130 2179 249 2212 noctu
277 2176 494 2223 transisset,
526 2180 733 2226 postquam
765 2177 864 2213 nihil
894 2176 1078 2214 lacrimae
1108 2178 1329 2224 movebant,
1362 2191 1448 2215 con-

134 2237 376 2287 dicionesque
396 2238 530 2274 tristes
549 2241 595 2274 ut
614 2238 665 2274 ab
683 2238 785 2274 irato
804 2238 950 2275 victore
977 2238 1220 2285 ferebantur,
1240 2239 1448 2288 transfuga

132 2311 180 2334 ex
198 2302 353 2335 oratore
367 2297 498 2336 factus
516 2299 621 2349 apud
634 2299 783 2336 hostem
800 2300 957 2346 mansit,
972 2301 1208 2337 moriturum
1222 2301 1448 2345 adfirmans,
