1679 2553
715 122 778 148 cn.
808 121 912 147 xmv.
1429 110 1474 146 41

161 215 308 251 Poenos
336 214 612 262 Romanosque
639 211 752 249 hodie
781 211 975 257 ostendat,
1012 211 1290 260 ignoraturum
1327 213 1475 248 certum
1499 221 1542 252 43

159 276 295 322 habeo,
315 276 443 312 utrius
462 275 654 312 exercitus
672 274 725 311 sit
751 274 896 311 consul.
955 272 1013 310 17.
1044 272 1137 309 Non
1164 285 1234 322 ego
1253 271 1350 309 illud
1364 273 1478 321 parvi

159 338 333 384 aestimo,
366 337 521 383 milites,
554 336 656 386 quod
688 347 802 372 nemo
834 338 894 372 est
923 338 1112 380 vestrum,
1141 334 1250 370 cuius
1278 346 1357 370 non
1385 337 1480 371 ante

159 398 286 435 oculos
304 399 385 447 ipse
404 409 518 446 saepe
537 396 708 433 militare
736 394 891 444 aliquod
919 394 1107 432 ediderim
1134 393 1299 440 facinus,
1319 394 1382 430 cui
1400 407 1479 431 non

158 459 261 497 idem
279 472 349 508 ego
368 458 528 495 virtutis
546 460 743 507 spectator
761 469 806 493 ac
824 457 937 493 testis
955 459 1095 493 notata
1113 456 1355 505 temporibus
1374 456 1480 493 locis-

159 533 234 570 que
270 521 416 557 referre
448 531 520 557 sua
552 519 694 568 possim
726 518 875 556 decora..
936 518 995 555 18.
1026 517 1124 554 Cum
1154 517 1324 554 laudatis
1357 530 1381 554 a
1418 531 1479 555 me

159 582 312 618 miliens
339 581 580 630 donatisque,
601 581 787 617 alumnus
814 580 923 628 prius
951 579 1126 616 omnium
1155 584 1330 616 vestrum
1359 592 1479 629 quam

158 644 384 692 imperator,
418 642 620 692 procedam
650 643 691 679 in
729 643 851 679 aciem
889 641 1077 679 adversus
1112 642 1267 691 ignotos
1303 641 1408 678 inter
1440 654 1479 678 se

157 704 492 754 ignorantesque.”

209 821 348 861 XLIV.
379 824 666 872 “Quocumque
684 822 908 860 circumtuli
925 823 1066 870 oculos,
1083 822 1199 872 plena
1217 822 1349 859 omnia
1368 823 1478 860 video

157 886 379 922 animorum
400 898 445 921 ac
464 885 622 930 roboris,
641 888 873 921 veteranum
892 885 1074 934 peditem,
1090 884 1478 934 generosissimarum

157 948 333 997 gentium
353 947 502 996 equites
522 946 697 983 frenatos
715 945 1022 995 infrenatosque,
1066 945 1138 997 (2.)
1162 958 1228 983 vos
1247 947 1366 983 socios
1385 947 1476 983 fide-

158 1009 320 1046 lissimos
338 1008 655 1057 fortissimosque,
676 1021 753 1054 VOS,
776 1007 1134 1057 Carthaginienses,
1148 1021 1236 1044 cum
1257 1021 1326 1057 pro
1346 1009 1478 1057 patria

156 1074 242 1107 tum
261 1070 309 1107 ob
327 1070 427 1106 iram
446 1071 698 1106 iustissimam
719 1073 976 1119 pugnaturos.
1027 1071 1061 1107 3.
1092 1070 1310 1107 Inferimus
1333 1070 1477 1107 bellum

155 1131 383 1182 infestisque
411 1133 531 1181 signis
563 1132 830 1169 descendimus
862 1132 905 1168 in
936 1132 1112 1178 Italiam,
1143 1136 1259 1169 tanto
1290 1131 1478 1168 audacius

155 1193 372 1243 fortiusque
390 1194 608 1243 pugnaturi
626 1207 745 1243 quam
765 1193 899 1239 hostis,
920 1197 1070 1243 quanto
1091 1194 1216 1230 maior
1234 1206 1331 1242 speS,
1352 1194 1477 1231 maior

153 1259 212 1292 est
247 1256 401 1292 animus
441 1255 647 1293 inferentis
691 1256 769 1291 vim
814 1268 935 1304 quam
971 1256 1150 1292 arcentis.
1220 1255 1254 1291 4.
1285 1256 1477 1292 Accendit

152 1320 355 1365 praeterea
375 1321 415 1354 et
434 1317 615 1354 stimulat
642 1317 794 1354 animos
823 1317 930 1353 dolor
956 1317 1103 1353 iniuria
1130 1317 1354 1366 indignitas.
1412 1317 1476 1354 Ad

151 1379 381 1428 supplicium
413 1379 717 1428 depoposcerunt
749 1392 810 1415 me
839 1379 974 1415 ducem
1010 1380 1193 1427 primum,
1234 1379 1372 1415 deindo
1409 1392 1476 1416 vos

151 1453 294 1486 omncs,
319 1441 386 1490 qui
407 1441 630 1490 Saguntum
649 1441 966 1490 oppug1iasseti33
992 1440 1142 1477 deditos
1163 1441 1313 1477 ultimis
1332 1441 1476 1477 crucia-

151 1503 256 1539 tibus
287 1502 481 1539 adfecturi
512 1501 688 1539 fuerunt.
752 1504 788 1540 5.
820 1502 1098 1539 Oruslelissima
1128 1515 1173 1539 ac
1199 1503 1476 1551 superbissima

150 1576 244 1613 gens
269 1576 339 1600 sua
358 1563 491 1600 omnia
510 1564 646 1613 suique
666 1564 823 1601 arbitrii
852 1564 959 1601 facit.
1020 1565 1119 1601 Cum
1147 1565 1288 1614 quibus
1315 1565 1473 1610 bellum,

148 1638 234 1662 cum
264 1625 405 1675 quibus
434 1638 571 1675 pacem
603 1625 830 1672 habeamus
863 1638 902 1663 se
933 1626 1090 1662 modum
1123 1626 1309 1675 inponere
1337 1639 1475 1663 aecum

148 1690 289 1724 censet.
347 1687 640 1724 Circumscribit
672 1688 915 1736 includitque
954 1701 1023 1724 nos
1063 1688 1243 1724 terminis
1280 1689 1474 1725 montium

148 1749 443 1798 fluminumque,
492 1761 587 1798 quos
635 1762 714 1785 non
765 1749 1018 1792 excedamus3
1076 1763 1202 1798 neque
1252 1762 1328 1796 eos,
1379 1763 1475 1799 quos

146 1810 302 1857 statuit,
315 1811 504 1847 terminos
518 1811 709 1847 observat.
769 1811 803 1847 6.
835 1811 896 1847 Ne
917 1812 1123 1848 transieris
1145 1811 1366 1849 Hiberum!
1412 1812 1475 1849 Ne

143 1871 237 1921 quid
256 1872 313 1909 rei
331 1871 405 1908 tibi
423 1872 474 1908 sit
488 1885 576 1908 cum
594 1871 844 1921 Saguntinis!
892 1874 951 1909 At
966 1873 1135 1909 liberum
1155 1877 1213 1910 est
1235 1874 1471 1922 Saguntum.

145 1933 180 1972 7.
208 1933 417 1983 Nusquam
445 1938 485 1970 te
508 1933 669 1982 vestigio
698 1934 887 1971 moveris!
935 1935 1085 1971 Parum
1108 1938 1167 1971 est
1187 1936 1290 1984 quod
1315 1936 1474 1972 veterri-

142 2007 227 2032 mas
246 1995 465 2045 provincias
484 2008 590 2032 meas
611 1995 783 2032 Siciliam
803 2009 847 2032 ac
868 1996 1094 2033 Sardiniam
1115 1997 1279 2033 adimis?
1337 1997 1472 2034 Etiam

139 2057 182 2094 in
201 2057 429 2112 Rispanias,
450 2061 501 2104 et,
521 2058 612 2095 inde
631 2058 663 2094 si
681 2057 886 2105 decessero,
906 2058 948 2095 in
978 2057 1162 2095 Africam
1191 2059 1442 2096 transcendes
1460 2061 1472 2097 2

139 2119 404 2156 Transcendes
441 2121 600 2157 autem?
654 2120 952 2157 Transcendisse
990 2121 1084 2158 dico.
1142 2121 1252 2157 Duos
1294 2121 1472 2159 consules

138 2180 254 2217 huius
296 2181 404 2228 anni,
443 2194 568 2218 unum
610 2181 652 2218 in
698 2181 879 2219 Africam
925 2183 1097 2219 alterum
1133 2182 1176 2219 in
1227 2182 1470 2232 Hispamam

138 2242 341 2280 miserunt.
415 2243 527 2279 Nihil
566 2256 731 2293 usquam
768 2244 879 2280 nobis
916 2244 1102 2281 relictum
1141 2248 1213 2291 est,
1254 2244 1330 2281 nisi
1372 2247 1474 2294 quod

144 2303 265 2341 armis
285 2305 572 2344 vindicarimus.
631 2306 667 2343 8.
697 2305 784 2344 Illis
816 2305 963 2343 timidis
997 2310 1038 2344 et
1072 2306 1224 2356 ignavis
1250 2318 1332 2343 esse
1372 2306 1473 2354 licet,

1503 466 1543 497 50

1504 829 1548 862 44

1508 1383 1545 1412 10

1507 1706 1544 1736 15

1502 2008 1543 2038 20

1500 2309 1540 2341 25
