1679 2553
718 150 782 178 cn.
813 150 861 186 11.,
891 151 943 177 vi.
1476 138 1510 175 5‘

178 244 397 281 turbavere.
456 243 491 281 9.
522 243 726 280 Hannibal
745 242 890 293 proelio
918 242 1112 279 abstinuit-
1141 241 1355 291 castrisque
1383 253 1500 292 super

174 305 303 354 ripam
335 306 482 354 positis,
513 318 600 342 cum
634 304 762 354 prima
793 304 902 354 quies
932 305 1211 353 silentiumque
1244 304 1295 340 ab
1323 302 1499 339 hostibus

175 365 264 412 fuit,
284 378 440 402 amnem
459 366 558 402 vado
585 366 752 410 traiecit,
774 365 955 415 valloque
982 365 1040 402 ita
1069 366 1268 414 producto,
1299 368 1344 400 ut
1372 364 1498 400 locum

174 427 224 463 ad
252 426 621 476 transgrediendum
654 427 785 463 hostes
818 426 1022 471 haberent,
1055 426 1241 463 invadere
1271 437 1334 462 eos
1366 427 1496 460 trans-

174 491 312 524 euntes
330 488 487 524 statuit.
547 488 606 524 10.
638 487 848 536 Equitibus
868 488 1078 536 praecepit,
1104 493 1161 533 ut,
1191 500 1280 523 cum
1306 487 1498 536 ingressos

174 561 319 598 aquam
355 549 543 594 viderent,
582 549 830 585 adorirentur
876 549 1095 598 inpeditum
1141 561 1294 597 agmen,
1332 548 1374 584 in
1411 547 1498 596 ripa

173 610 720 660 elephantos—quadraginta
740 613 875 646 autem
901 610 1253 658 erant—disponit.
1314 609 1373 646 11.
1404 609 1495 645 Car-

173 676 405 722 petanorum
456 683 544 707 cum
590 671 867 719 adpendicibus
914 671 1103 708 Olcadum
1150 670 1499 718 Vaccaeorumque

173 736 332 770 centum
369 733 478 769 milia
516 731 637 778 fuere,
676 732 822 768 invicta
859 733 970 779 acies,
1015 733 1048 768 si
1086 745 1209 781 aequo
1246 732 1499 768 dimicaretur

173 807 323 843 campo.
383 795 441 831 12.
472 794 616 843 Itaque
635 797 675 830 et
694 795 850 841 ingenio
880 794 1024 831 feroces
1052 798 1093 830 et
1121 793 1377 830 multitudine
1404 792 1499 830 freti

173 860 225 902 et,
246 855 349 904 quod
369 860 476 893 metu
497 855 650 892 cessisse
669 855 881 892 credebant
900 856 1062 901 hostem,
1080 856 1118 892 id
1133 856 1277 891 morari
1294 855 1498 891 victoriam

173 917 262 963 rati,
301 917 403 966 quod
435 917 642 953 interesset
676 917 814 962 amuis,
846 917 1015 953 clamore
1047 917 1202 953 sublato
1236 916 1381 965 passim
1413 916 1498 952 sine

173 977 290 1014 ullius
309 978 481 1026 imperio,
503 990 581 1026 qua
600 978 738 1027 cuique
759 979 980 1028 proximum
1010 982 1080 1024 est,
1101 979 1143 1014 in
1173 990 1328 1014 amnem
1358 980 1494 1014 ruunt.

176 1039 235 1075 13.
265 1039 324 1075 At
343 1051 391 1075 ex
410 1042 524 1088 parte
544 1038 671 1075 altera
694 1040 802 1087 ripae
824 1040 879 1075 vis
908 1039 1046 1087 ingens
1074 1040 1251 1087 equitum
1281 1039 1322 1074 in
1351 1038 1497 1074 flumen

172 1100 345 1147 inmissa,
366 1100 568 1148 medioque
587 1099 695 1136 alveo
724 1100 1030 1149 haudquaquam
1052 1100 1139 1149 puri
1166 1099 1382 1136 certamine
1411 1112 1498 1136 con-

172 1174 341 1207 cursum,
401 1162 460 1197 14.
490 1161 634 1211 quippe
654 1161 721 1197 ubi
741 1161 856 1210 pedes
883 1161 1079 1197 instabilis
1099 1174 1142 1197 ac
1163 1162 1229 1197 vix
1249 1161 1346 1197 vado
1376 1160 1497 1197 fidens

173 1225 232 1262 vel
252 1226 302 1262 ab
322 1226 461 1262 inermi
481 1226 612 1274 equite
631 1238 729 1274 equo
751 1231 895 1262 temere
923 1229 1010 1262 acto
1029 1225 1201 1275 perverti
1220 1230 1360 1274 posset,
1381 1237 1497 1274 eques

172 1299 328 1336 coi-pore
348 1287 544 1335 armisque
564 1286 674 1332 liber,
695 1299 795 1335 equo
815 1287 875 1323 vel
896 1300 964 1335 per
986 1287 1128 1323 medios
1153 1287 1331 1336 gurgites
1349 1286 1494 1332 stabili,

171 1348 386 1384 comminus
406 1348 634 1396 eminusque
653 1360 737 1384 rem
755 1354 919 1396 gereret.
968 1348 1024 1384 15.
1056 1348 1155 1384 Pars
1170 1360 1316 1396 magna
1337 1348 1497 1384 flumine

171 1409 408 1458 absumpta3
463 1409 622 1459 quidam
662 1410 847 1446 verticoso
885 1409 993 1446 amni
1039 1409 1161 1446 delati
1205 1410 1247 1445 in
1285 1409 1407 1446 hostis
1445 1409 1496 1445 ab

171 1471 392 1520 elephantis
410 1471 547 1507 obtriti
575 1475 680 1507 sunt.
742 1472 798 1507 16.
831 1471 1035 1516 Postremi,
1057 1471 1199 1520 quibus
1227 1483 1424 1519 regressus
1452 1470 1494 1506 in

171 1545 283 1568 suam
303 1532 429 1581 ripam
450 1532 575 1568 tutior
596 1532 683 1577 fuit,
705 1545 751 1568 ex
773 1533 881 1568 varia
903 1532 1164 1581 trepidatione
1184 1545 1271 1568 cum
1300 1533 1342 1568 in
1370 1545 1494 1568 unum

171 1593 459 1641 colligerentur,
480 1593 707 1642 priusquam
729 1606 752 1629 a
780 1597 895 1629 tanto
923 1606 1066 1642 pavore
1094 1594 1311 1642 reciperent
1331 1593 1493 1639 animos,

173 1654 376 1690 Hannibal
396 1654 552 1702 agmine
571 1653 765 1702 quadrato
786 1666 942 1690 amnem
962 1654 1158 1702 ingressus
1180 1654 1313 1702 fugam
1335 1666 1384 1690 ex
1409 1655 1494 1704 ripa.

171 1713 264 1751 fecit
283 1715 526 1763 vastatisque
547 1715 651 1763 agris
670 1715 778 1751 intra
798 1727 941 1763 paucos
961 1715 1040 1751 dies
1070 1716 1311 1764 Carpetanos
1339 1727 1494 1764 quoque

170 1776 211 1812 in
233 1776 466 1812 deditionem
488 1776 649 1825 accepit.
710 1775 769 1812 17.
827 1775 977 1812 Etiam
999 1777 1127 1812 omnia
1157 1780 1268 1812 trans
1301 1777 1492 1812 Hiberum

172 1841 327 1886 praeter
348 1837 585 1886 Saguntinos
606 1837 991 1886 Carthaginiensium
1013 1843 1142 1875 erant.

224 1954 292 1992 VI.
323 1956 421 1993 Cum
443 1956 673 2004 Saguntinis
693 1956 837 1992 bellum
867 1957 1041 1993 nondum
1069 1961 1182 2004 erat3
1210 1961 1384 1994 ceterum
1413 1958 1492 1993 iam

171 2017 261 2053 belli
296 2029 415 2053 causa
452 2017 669 2053 certamina
707 2030 795 2054 cum
833 2017 1013 2054 finitimis
1045 2019 1289 2065 serebantur,
1322 2019 1492 2054 maximo

170 2079 418 2116 Turdetanis.
492 2080 525 2114 2.
556 2079 706 2122 Quibus
742 2091 831 2115 cum
868 2079 1020 2116 adesset
1051 2080 1164 2126 idem,
1203 2081 1271 2128 qui
1297 2080 1378 2116 litis
1405 2083 1493 2116 erat

169 2143 288 2185 sator,
311 2153 379 2177 nec
408 2143 607 2176 certamen
635 2140 732 2176 iuris
759 2140 824 2177 sed
844 2142 924 2177 vim
953 2142 1090 2190 quaeri
1119 2146 1342 2191 appareret,
1371 2140 1493 2190 legati

170 2213 194 2237 a
223 2201 454 2250 Saguntinis
487 2202 654 2237 Romam
684 2201 790 2237 missi
818 2202 1004 2238 auxilium
1028 2203 1075 2238 ad
1107 2203 1249 2239 bellum
1278 2203 1358 2238 iam
1386 2201 1491 2238 haud

171 2261 285 2299 dubie
313 2263 510 2299 inminens
548 2267 715 2299 crantes.
776 2264 808 2300 3.
841 2263 1025 2300 Consules
1058 2268 1154 2300 tunc
1191 2264 1341 2300 Romae
1379 2268 1492 2300 erant

171 2323 215 2360 P.
245 2324 447 2361 Cornelius
476 2323 602 2372 Scipio
634 2327 675 2360 et
702 2324 762 2361 Ti.
796 2324 1046 2374 Sempronius
1081 2324 1238 2375 Longus
1253 2339 1263 2373 3
1303 2325 1372 2374 qui
1403 2337 1490 2361 cum

1534 255 1551 284 5

1535 311 1573 340 ‘25

1531 916 1569 946 35

1527 1228 1568 1258 40

1525 1541 1566 1569 45
