1679 2553
216 136 262 173 16
768 149 860 175 ley
889 149 971 176 xxl.

156 251 195 280 18
263 236 415 276 XVIII.
446 239 523 276 His
549 240 607 276 ita
634 240 868 289 conparatis,
900 244 946 277 ut
973 241 1105 278 omnia
1132 241 1236 279 iusta
1265 246 1360 280 ante
1386 243 1532 282 bellum

209 300 363 348 fierent,
392 301 542 351 legates
574 302 739 338 maiores
775 305 887 348 natu,
918 303 964 347 Q.
995 302 1162 339 Fabium
1197 303 1254 341 M.
1292 305 1449 342 Livium
1488 306 1532 344 L.

209 362 423 400 Aemilium
445 363 485 400 O.
508 363 702 399 Licinium
722 364 766 408 Q.
791 364 996 411 Baebium,
1022 364 1064 400 in
1091 364 1271 402 Africam
1296 367 1466 403 mittunt
1483 366 1533 404 ad

209 425 517 473 percunctandos
536 415 893 473 Carthaginienses*
915 426 1119 475 publicone
1140 427 1299 465 consilio
1326 427 1532 465 Hanniba-l

173 498 190 526 5
211 486 430 536 Saguntum
459 491 734 536 oppugnasset,
784 488 816 525 2.
848 492 900 533 et,
929 488 971 533 si,
1002 488 1039 524 id
1059 488 1162 537 quod
1182 488 1328 526 facturi
1347 489 1532 526 videban-

208 552 287 594 tur,
317 548 540 585 faterentur
560 561 605 585 ac
634 548 889 586 defenderent
918 550 1072 598 publico
1109 551 1265 587 consilio
1293 550 1458 598 factum,
1487 554 1533 587 ut

207 610 426 647 indicerent
445 610 587 660 populo
608 610 924 660 Carthaginiensi
954 612 1108 648 bellum.
1169 613 1203 649 3.
1234 613 1404 650 Romani
1433 616 1532 662 post-

207 685 324 721 quam
354 672 637 720 Carthaginem
670 676 877 718 venerunt,
907 686 996 709 cum
1024 677 1184 710 senatus
1212 674 1330 711 datus
1361 678 1461 711 esset
1491 677 1532 711 et

207 735 251 778 Q.
283 733 428 770 Fabius
455 733 554 769 nihil
585 734 692 770 ultra
719 746 839 783 quam
869 747 1004 781 unum,
1035 734 1138 784 quod
1166 735 1400 772 mandatum
1429 739 1528 782 erat,

149 804 187 836 10
208 799 485 844 percunctatus
539 800 650 842 esset,
706 799 792 831 tum
848 809 895 832 ex
952 796 1344 845 Carthaginiensibus
1399 809 1526 834 unus:

208 858 241 893 4.
274 856 500 906 “Praeceps
532 860 675 903 vestra,
708 857 890 903 Romani,
924 861 964 893 et
992 857 1099 906 piior
1131 857 1277 907 legatio
1314 857 1403 904 fuit,
1442 871 1531 895 cum

207 918 475 955 Hannibalem
496 922 703 968 tamquam
723 931 792 954 suo
811 919 969 955 consilio
991 919 1214 967 Saguntum
1234 923 1530 969 oppugnantem

207 980 472 1029 deposcebatis
487 994 496 1027 3
525 984 697 1017 ceterum
720 980 815 1017 haec
835 980 980 1029 legatio
999 980 1127 1017 verbis
1146 980 1275 1017 adhuc
1303 981 1428 1017 lenior
1457 986 1529 1028 est,

206 1055 248 1078 re
275 1042 459 1091 asperior.
516 1043 551 1079 5.
581 1042 689 1078 Tunc
718 1042 821 1078 enim
852 1042 1057 1078 Hannibal
1085 1045 1126 1078 et
1153 1042 1460 1079 insimulabatur
1487 1046 1528 1079 et

146 1110 183 1140 15
207 1104 486 1153 deposcebatur
501 1117 512 1151 3
540 1117 646 1140 nunc
665 1105 713 1140 ab
734 1103 844 1140 nobis
863 1107 903 1140 et
922 1103 1108 1140 confessio
1125 1103 1263 1153 culpae
1281 1104 1529 1153 exprimitur,

206 1155 884 1219 efflfflcxtemplo
912 1169 1157 1213 repetuntur.
1219 1165 1252 1201 6.
1284 1166 1368 1214 Ego
1396 1169 1529 1202 autem

206 1241 297 1275 non,
318 1218 474 1277 privato
493 1213 696 1276 puffliconc
725 1227 883 1263 consilio
913 1227 1135 1275 Saguntum
1165 1231 1439 1276 oppugnatum
1466 1228 1529 1274 sit,

206 1290 472 1340 quaerendum
491 1301 680 1335 censeam,
700 1288 767 1325 sed
786 1293 920 1325 utrum
941 1289 1024 1325 iure
1044 1301 1097 1325 an
1112 1289 1258 1325 iniuria
1276 1302 1283 1325 :
1329 1290 1363 1326 7.
1394 1292 1530 1325 nostra

206 1353 309 1390 enim
328 1352 424 1389 haec
453 1351 630 1400 quaestio
657 1354 779 1399 atque
807 1350 1093 1386 animadversio
1124 1351 1165 1386 in
1195 1350 1318 1386 civem
1351 1354 1529 1386 nostrum

143 1425 184 1457 20
207 1418 276 1461 est,
296 1414 389 1463 quid
409 1417 542 1450 nostro
562 1417 634 1449 aut
653 1425 722 1449 suo
742 1412 879 1448 fecerit
898 1412 1088 1458 arbim-im
1119 1412 1316 1448 vobiscum
1347 1425 1426 1448 una
1456 1412 1529 1449 dis-

207 1476 377 1525 ceptatio
396 1479 467 1522 est,
488 1474 693 1511 licueritne
712 1487 781 1524 per
809 1473 944 1510 foedus
963 1473 1056 1509 fieri.
1115 1475 1149 1510 S.
1181 1474 1325 1522 Itaque
1344 1474 1529 1522 quoniam

206 1538 372 1574 discerni
400 1537 539 1586 placet,
573 1535 667 1584 quid
695 1535 847 1584 publico
876 1534 1044 1581 consilio,
1074 1535 1168 1583 quid
1196 1548 1268 1571 sua
1295 1538 1434 1583 sponte
1460 1535 1530 1571 im-

206 1603 404 1648 peratores
429 1598 592 1644 faciant,
622 1598 732 1633 nobis
759 1597 958 1634 vobiscum
990 1596 1125 1633 foedus
1154 1600 1212 1633 est
1240 1610 1263 1633 a
1293 1596 1334 1633 O.
1365 1597 1530 1633 Lutatio

206 1661 362 1698 consule
394 1661 527 1706 ictum,
558 1660 600 1695 in
634 1672 710 1708 quo
742 1672 830 1695 cum
868 1663 1075 1695 caveretur
1107 1645 1368 1707 utrorumque
1405 1658 1525 1704 sociis,

143 1733 184 1762 25
209 1723 307 1760 nihil
351 1723 397 1759 de
441 1721 895 1771 Saguntinis—necdum
932 1721 1036 1757 enim
1074 1723 1191 1756 erant
1228 1719 1318 1756 socii
1356 1720 1529 1756 vestri—-

208 1789 368 1822 cautum
387 1788 457 1821 est.
515 1785 549 1821 9.
579 1784 637 1819 At
657 1782 760 1819 enim
780 1795 824 1819 eo
843 1781 1006 1828 foedere,
1027 1782 1128 1830 quod
1156 1795 1245 1818 cum
1275 1780 1528 1818 Hasdrubale

207 1847 331 1883 ictum
350 1849 419 1892 est,
441 1845 653 1894 Saguntini
672 1844 936 1893 excipiuntur.
992 1843 1193 1880 Adversus
1212 1843 1313 1892 quod
1333 1855 1403 1892 ego
1430 1842 1529 1879 nihil

207 1908 383 1944 dicturus
401 1920 499 1954 sum,
520 1907 595 1943 nisi
614 1906 715 1955 quod
735 1918 759 1942 a
779 1905 887 1942 vobis
912 1905 1038 1941 didici.
1099 1906 1158 1942 10.
1188 1905 1270 1941 Vos
1289 1904 1405 1950 enim,
1425 1904 1529 1953 quod

206 1970 248 2007 O.
270 1969 456 2007 Lutatius
474 1967 606 2005 consul
626 1968 752 2016 primo
779 1966 979 2003 nobiscum
1007 1966 1144 2003 foedus
1172 1966 1251 2012 icit,
1281 1965 1375 2015 quia
1402 1977 1529 2015 neque

143 2037 185 2066 30
206 2043 252 2067 ex
272 2030 510 2067 auctoritate
528 2033 687 2078 patruni
708 2040 778 2064 nec
798 2027 930 2077 populi
957 2027 1065 2064 iussu
1093 2027 1215 2063 ictum
1236 2030 1333 2073 erat,
1354 2027 1528 2075 negastis

206 2104 273 2129 vos
291 2105 334 2128 eo
353 2092 502 2128 teneri:
523 2092 657 2139 itaque
675 2090 784 2126 aliud
802 2089 847 2125 de
866 2089 1020 2138 integro
1039 2088 1175 2126 foedus
1192 2088 1348 2137 publico
1371 2089 1528 2125 consilio

205 2154 329 2190 ictum
361 2157 429 2190 est.
490 2154 548 2190 11.
580 2152 622 2189 Si
654 2164 720 2188 vos
751 2164 831 2187 non
860 2155 999 2188 tenent
1029 2150 1187 2187 foedera
1215 2153 1346 2186 vestra
1375 2150 1451 2187 nisi
1481 2163 1530 2187 ex

205 2215 444 2252 auctoritate
463 2218 535 2250 aut
553 2215 659 2250 iussu
677 2217 804 2250 vestro
823 2213 913 2259 icta,
933 2225 983 2249 ne
1002 2225 1072 2249 nos
1089 2212 1244 2261 quidem
1266 2211 1531 2249 Hasdrubalis

206 2276 350 2321 foedus,
382 2276 483 2324 quod
519 2275 630 2312 nobis
665 2275 796 2311 insciis
830 2274 910 2319 icit,
939 2274 1113 2323 obligare
1143 2273 1285 2322 potuit.
1346 2273 1404 2310 12.
1435 2272 1528 2310 Pro-

141 2338 185 2368 35
205 2337 295 2375 inde
322 2338 492 2375 omittite
523 2337 693 2385 Sagunti
720 2341 841 2385 atque
870 2335 1012 2372 Hiberi
1041 2335 1280 2372 mentionem
1307 2334 1446 2381 facere,
1475 2338 1516 2372 et
