1679 2553
659 133 724 160 011.
752 133 843 169 ιη,
871 131 961 160 nvn.
1416 124 1465 161 53

199 219 300 261 LVI.
330 224 655 275 Trepidantisque
674 228 714 261 et
733 236 854 274 prope
872 224 950 261 iam
970 224 1013 261 in
1032 236 1120 262 suos
1147 228 1417 263 consternatos
1443 239 1463 263 e
1484 234 1525 265 56

148 285 278 323 media
296 285 378 322 acie
396 285 437 322 in
457 288 673 323 extremam
693 285 742 322 ad
762 285 964 322 sinistrum
992 298 1114 323 cornu
1132 285 1316 324 adversus
1335 286 1468 324 Gallos

149 347 361 385 auxiliares
387 347 453 397 agi
468 347 581 384 iussit
609 346 826 383 Hannibal.
883 346 946 383 Ibi
965 347 1160 396 extemplo
1184 347 1288 384 haud
1308 347 1466 385 dubiam

149 409 275 446 fecere
306 408 464 458 fugam3
497 419 697 458 novusque
727 411 856 445 terror
889 407 1044 445 additus
1075 408 1276 455 Romanis,
1307 413 1351 446 ut
1378 409 1466 446 fusa

148 470 292 507 auxilia
311 482 382 507 sua
409 469 603 506 viderunt.
675 470 709 506 2.
739 469 884 518 Itaque
911 481 1001 506 cum
1026 469 1107 506 iam
1134 470 1176 506 in
1205 470 1338 508 orbem
1365 484 1458 520 pug-

149 535 303 577 narent,
334 531 465 568 decem
501 531 610 567 milia
642 530 764 568 ferme
794 531 1009 578 hominum,
1049 544 1138 568 cum
1170 532 1265 569 alibi
1301 531 1465 569 evadere

148 592 384 641 nequissent,
431 592 556 629 media
603 590 791 628 Afrorum
831 591 920 639 acie,
968 605 1069 642 quae
1115 592 1272 630 Gallicis
1309 593 1465 631 auxiliis

148 654 308 690 firmata
343 657 442 700 erat,
479 666 568 690 cum
612 653 765 702 ingenti
800 652 916 690 caede
952 653 1124 691 hostium
1161 666 1371 704 perrupere
1411 659 1463 701 et,

150 715 184 752 3.
214 728 303 752 cum
335 727 461 764 neque
489 715 531 752 in
561 718 689 751 castra
722 714 871 752 reditus
906 718 1007 752 esset
1043 716 1205 753 flumine
1233 716 1465 763 interclusis,

148 788 274 826 neque
306 789 401 827 prae
437 776 554 813 imbri
587 776 682 813 satis
711 775 916 814 decernere
947 781 1115 826 possent,
1144 789 1223 827 qua
1250 778 1330 815 suis
1357 778 1466 828 opem

150 837 311 885 ferrent,
359 838 600 875 Placentiam
645 841 751 874 recto
795 837 936 875 itinere
974 850 1193 888 perrexere.
1263 839 1297 876 4.
1330 839 1467 876 Plures

150 900 288 937 deinde
316 900 359 937 in
390 912 523 936 omncs
552 903 684 948 partes
703 899 925 949 eruptiones
958 899 1088 937 factae
1103 914 1114 948 3
1143 904 1184 938 et
1222 901 1291 950 qui
1320 901 1467 938 fiumen

149 962 306 1011 petiere,
326 964 398 998 aut
415 961 638 1010 gurgitibus
649 960 848 1009 absumpti
862 964 954 997 sunt
973 964 1044 998 aut
1057 961 1162 998 inter
1174 962 1466 999 cunctationem

149 1022 390 1073 ingrediendi
407 1022 458 1059 ab
477 1022 652 1059 hostibus
670 1022 842 1072 oppressi
856 1035 866 1069 3
923 1022 957 1059 5.
987 1022 1055 1072 qui
1081 1023 1228 1073 passim
1252 1036 1322 1072 per
1349 1036 1462 1073 agros

150 1084 244 1134 fuga
288 1083 412 1134 sparsi
455 1088 582 1130 erant,
620 1084 784 1132 vestigia
832 1083 1004 1120 cedentis
1041 1088 1249 1133 sequentes
1293 1085 1461 1135 agminis

150 1146 395 1183 Placentiam
424 1145 680 1193 contendere3
709 1145 796 1182 aliis
822 1145 942 1182 timor
974 1145 1146 1183 hostium
1173 1145 1378 1184 audaciam
1410 1147 1466 1184 in-

149 1206 350 1258 grediendi
368 1207 513 1244 flumen
533 1205 635 1252 fecit,
650 1207 962 1256 transgressique
977 1207 1018 1243 in
1035 1211 1166 1244 castra
1185 1211 1466 1257 pervenerunt.

151 1269 185 1304 6.
216 1268 350 1305 Imber
368 1268 458 1304 nive
477 1267 623 1304 mixtus
641 1271 680 1304 et
700 1267 950 1304 intoleranda
970 1268 1028 1304 vis
1048 1267 1205 1317 frigoris
1223 1272 1264 1306 et
1292 1268 1467 1306 homines

150 1328 295 1366 multos
326 1332 367 1366 et
398 1329 576 1366 iumenta
602 1333 642 1367 et
674 1329 903 1378 elephantos
936 1341 1055 1379 prope
1083 1330 1209 1366 omnis
1235 1330 1461 1380 absumpsit.

151 1390 185 1428 7.
215 1391 324 1428 Finis
341 1391 570 1440 insequendi
589 1391 711 1428 hostis
731 1391 871 1428 Poenis
890 1391 1036 1429 flumen
1064 1391 1206 1428 Trebia
1232 1390 1323 1439 fuit,
1343 1396 1383 1429 et
1409 1392 1467 1429 ita

149 1455 351 1502 torpentes
368 1452 458 1502 gelu
485 1452 527 1488 111
553 1456 684 1489 castra
711 1452 872 1500 rediere,
900 1456 946 1490 ut
966 1453 1032 1489 vix
1058 1452 1254 1490 laetitiam
1281 1453 1465 1491 victoriae

149 1513 352 1551 sentirent.
422 1514 457 1551 8.
489 1514 632 1563 Itaque
669 1517 781 1551 nocte
818 1514 1052 1563 insequenti,
1098 1526 1187 1550 cum
1228 1514 1464 1563 praesidium

149 1579 367 1613 castrorum
385 1579 426 1613 et
444 1575 546 1625 quod
565 1576 726 1613 relicum
744 1576 964 1613 sauciorum
983 1588 1030 1612 ex
1058 1587 1204 1624 magna
1231 1579 1343 1624 parte
1369 1576 1463 1613 mili-

149 1640 237 1674 tum
272 1641 359 1674 erat
395 1637 547 1674 ratibus
582 1637 760 1674 Trebiam
799 1637 1025 1684 traicerent,
1063 1641 1136 1674 aut
1171 1636 1271 1673 nihil
1314 1649 1464 1674 sensere

149 1698 398 1747 obstrepente
429 1698 576 1748 pluvia,
609 1702 693 1746 aut,
722 1699 816 1747 quia
842 1699 922 1735 iam
951 1698 1098 1735 moveri
1125 1697 1344 1747 nequibant
1370 1711 1465 1749 prae

148 1758 378 1796 lassitudine
397 1772 443 1796 ac
457 1759 697 1806 vulneribus,
713 1759 858 1796 sentire
872 1770 953 1796 sese
968 1758 1267 1796 dissimularunt
1279 1771 1291 1807 3
1306 1759 1464 1808 quietis·

149 1833 224 1870 que
256 1821 398 1857 Poenis
429 1821 551 1858 tacito
589 1820 745 1870 agmine
774 1820 826 1858 ab
868 1820 1045 1869 Scipione
1082 1820 1237 1858 consule
1273 1821 1467 1858 exercitus

150 1882 392 1919 Placentiam
421 1885 479 1919 est
506 1881 727 1931 perductus,
747 1881 837 1918 inde
865 1880 973 1918 Pado
1001 1883 1192 1919 traiectus
1219 1881 1464 1928 Cremonam,

149 1955 199 1981 ne
217 1943 383 1980 duorum
402 1944 640 1981 exercituum
662 1943 837 1980 hibernis
855 1955 936 1980 una
956 1943 1106 1980 colonia
1126 1947 1383 1993 premeretur.

200 2063 325 2102 LVII.
346 2066 514 2103 Romam
542 2068 681 2103 tantus
703 2069 830 2103 terror
849 2077 897 2102 ex
916 2065 990 2102 hac
1009 2065 1117 2102 clade
1136 2065 1313 2115 perlatus
1330 2068 1400 2111 est,
1421 2068 1466 2102 ut

149 2127 228 2164 iam
255 2127 305 2164 ad
332 2127 469 2164 urbem
498 2127 718 2164 Romanam
747 2126 949 2164 crederent
979 2125 1134 2164 infestis
1165 2126 1284 2176 signis
1316 2126 1466 2163 hostem

151 2193 372 2235 venturum,
393 2201 464 2226 nec
491 2189 699 2238 quicquam
726 2188 808 2238 spei
834 2191 906 2225 aut
935 2188 1072 2225 auxilii
1091 2200 1182 2235 esse,
1203 2200 1281 2237 quo
1299 2201 1323 2225 a
1343 2188 1467 2237 portis

151 2250 424 2300 moenibusque
452 2250 533 2287 vim
568 2252 771 2287 arcerent:
828 2250 863 2286 2.
891 2262 970 2287 11110
1008 2249 1164 2286 consule
1200 2249 1251 2286 ad
1287 2249 1465 2286 Ticinum

154 2313 250 2351 victo
292 2312 463 2349 alterum
500 2323 547 2348 ex
585 2309 716 2347 Sicilia
751 2313 1005 2357 revocatum5
1045 2310 1196 2347 duobus
1232 2309 1464 2356 consulibus,

1491 785 1527 815 10

1490 1091 1528 1121 15

1491 1397 1530 1427 20

1495 1703 1534 1732 25

1498 2319 1515 2346 5
