1679 2553
190 142 239 178 38
745 152 849 188 LIVY,
880 152 948 177 m

128 252 167 283 41
189 245 340 282 hostem
358 243 444 281 fudi
459 256 469 291 3
497 243 674 292 peditum
703 256 857 293 agmen,
885 244 988 293 quod
1014 244 1056 281 in
1084 243 1243 281 modum
1270 243 1507 293 fugientium

127 494 164 524 15

120 804 160 835 20

117 1116 157 1145 25

115 1421 153 1452 30

117 1727 156 1758 35

117 2036 157 2066 40

111 2345 150 2374 45

190 306 336 355 raptim
362 306 568 355 agebatur,
598 305 692 354 quia
720 305 880 355 adsequi
907 309 1016 342 terra
1044 305 1284 354 nequieram,
1314 318 1509 355 regressus

188 368 237 405 ad
273 367 396 414 navis,
434 370 587 416 quanta
624 367 794 404 maxime
831 368 942 416 potui
988 367 1187 404 celeritate
1231 370 1346 404 tanto
1389 367 1509 404 maris

188 433 464 478 terrarumque
501 428 668 465 circuitu
712 429 754 465 in
797 428 994 465 radicibus
1036 441 1155 477 prope
1209 428 1373 478 Alpium
1418 428 1509 466 huic

188 489 360 527 timendo
398 489 502 526 hosti
538 489 673 526 obvius
715 489 786 527 fui.
862 490 897 527 5.
927 490 1091 537 Utrum,
1138 503 1226 527 cum
1272 490 1508 527 declinarem

187 556 399 599 certamen,
426 551 654 600 inprovidus
682 551 858 589 incidisse
878 551 1020 598 videor,
1049 565 1103 589 an
1131 565 1330 589 occurrere
1356 553 1399 588 in
1426 565 1506 589 ves-

186 614 295 664 tigiis
306 614 400 660 eius,
413 613 599 650 lacessere
613 626 656 649 ac
670 612 830 650 trahere
845 613 895 650 ad
907 613 1219 652 decernendum?
1263 615 1295 651 6.
1327 614 1509 664 Experiri

186 676 311 722 iuvat,
331 678 468 712 utrum
487 674 581 711 alios
599 677 761 723 repente
774 674 1119 723 Carthaginienses
1138 688 1207 725 per
1225 675 1368 724 viginti
1385 688 1508 712 annos

186 740 295 774 terra
314 735 493 782 ediderit,
513 748 565 772 an
593 735 710 772 iidem
738 736 829 782 sint,
859 737 927 785 qui
956 736 1006 773 ad
1033 737 1200 786 Aegatis
1229 741 1508 786 pugnaverunt

185 797 346 844 insulas,
367 800 408 834 et
432 810 528 846 quos
555 798 606 833 ab
635 797 760 846 Eryce
787 797 1058 834 duodevicenis
1085 798 1256 835 denariis
1282 798 1508 836 aestimatos

186 859 380 905 emisistis,
410 857 481 909 (7.)
509 861 549 895 et
575 862 710 895 utrum
738 858 945 895 Hannibal
965 859 1028 895 hic
1045 859 1097 896 sit
1116 861 1293 896 aemulus
1319 861 1505 897 itinerum

188 921 383 967 Herculis,
417 923 464 957 ut
500 920 582 969 ipse
617 919 710 966 fert,
748 933 801 957 an
837 920 1041 969 vectigalis
1077 921 1431 971 stipendiariusque
1468 925 1507 959 et

186 994 320 1020 servus
357 982 491 1032 populi
528 981 698 1018 Romani
734 994 759 1018 a
795 985 911 1031 patre
956 982 1124 1020 relictus.
1200 984 1233 1020 8.
1266 983 1390 1028 Quem
1433 983 1507 1020 nisi

187 1044 455 1094 Saguntinum
475 1043 599 1080 scelus
617 1043 802 1093 agitaret,
823 1043 1030 1092 respiceret
1052 1043 1228 1093 profecto
1255 1045 1288 1082 si
1316 1058 1395 1082 non
1422 1048 1508 1094 pat-

186 1106 286 1143 riam
305 1106 463 1152 victam,
484 1105 641 1142 domum
661 1108 766 1142 certe
781 1108 1013 1154 patremque
1032 1108 1072 1142 et
1091 1105 1247 1143 foedera
1267 1107 1508 1145 Hamilcaris

185 1168 332 1217 scripta
351 1180 485 1214 mann,
515 1168 583 1216 qui
609 1167 736 1204 iussus
761 1167 811 1204 ab
840 1167 996 1204 consule
1023 1171 1155 1204 nostro
1183 1167 1419 1217 praesidium
1447 1168 1507 1207 de-

186 1229 299 1266 duxit
313 1229 364 1266 ab
377 1228 514 1277 Eryce,
554 1227 625 1279 (9.)
645 1228 714 1278 qui
724 1240 865 1278 graves
878 1228 1069 1277 inpositas
1081 1228 1194 1265 victis
1206 1229 1506 1279 Carthaginien-

185 1291 291 1328 sibus
309 1291 412 1340 leges
431 1290 604 1326 fremens
624 1302 878 1338 maerensque
896 1290 1057 1339 accepit,
1078 1290 1145 1339 qui
1164 1290 1349 1328 decedens
1375 1291 1506 1329 Sicilia

185 1352 425 1402 stipendium
444 1351 585 1401 populo
601 1352 781 1388 Romano
800 1352 893 1388 dare
913 1355 1050 1400 pactus
1069 1355 1138 1389 est.
1190 1353 1248 1389 10.
1279 1353 1420 1402 Itaque
1440 1366 1507 1390 vos

184 1427 266 1464 ego,
287 1414 443 1458 milites,
465 1426 544 1450 non
563 1426 607 1450 eo
626 1413 752 1450 solum
771 1413 913 1459 animo,
934 1425 1011 1462 quo
1039 1413 1226 1450 adversus
1253 1414 1349 1451 alios
1377 1414 1506 1452 hostes

183 1476 326 1523 soletis,
346 1488 525 1525 pugnare
544 1475 673 1521 velim,
695 1474 761 1512 sed
780 1488 869 1511 cum
888 1474 1159 1524 indignatione
1185 1475 1356 1525 quadam
1384 1480 1506 1526 atque

183 1538 254 1584 ira,
274 1537 384 1575 velut
403 1538 434 1574 si
453 1550 583 1574 servos
601 1537 767 1573 videatis
786 1541 934 1574 vestros
953 1550 1066 1574 arma
1094 1542 1255 1586 repente
1283 1542 1421 1575 eontra
1440 1552 1506 1576 vos

183 1599 365 1636 ferentes.
426 1600 485 1636 11.
516 1599 646 1635 Licuit
683 1599 733 1635 ad
766 1599 933 1647 Erycem
969 1599 1118 1636 clausos
1150 1600 1289 1636 ultimo
1318 1600 1506 1650 supplicio

184 1661 460 1707 humanorum,
492 1660 599 1697 fame
628 1661 848 1698 interficere
863 1674 873 1708 3
911 1661 1023 1697 licuit
1050 1661 1248 1698 victricem
1276 1661 1433 1699 classem
1463 1663 1505 1699 in

183 1722 363 1759 Africam
381 1722 549 1759 traicere
568 1726 690 1772 atque
704 1723 812 1758 intra
831 1735 972 1771 paucos
992 1722 1071 1759 dies
1089 1723 1173 1760 sine
1192 1723 1271 1760 ullo
1292 1724 1505 1762 certamine

183 1784 467 1833 Carthaginem
514 1783 666 1821 delere:
726 1785 784 1820 12.
816 1784 974 1821 veniam
1020 1784 1195 1821 dedimus
1239 1786 1503 1834 precantibus,

183 1846 382 1882 emisimus
411 1858 458 1882 ex
487 1845 694 1892 obsidione,
724 1858 857 1894 pacem
887 1858 975 1882 cum
1005 1846 1119 1882 victis
1147 1845 1321 1893 fecimus,
1355 1847 1505 1885 tutelae

182 1906 321 1943 deinde
357 1910 515 1943 nostrae
555 1907 749 1953 duximus,
796 1920 884 1943 cum
931 1906 1068 1944 Africo
1113 1908 1213 1945 bello
1256 1913 1502 1958 urgerentur.

184 1968 243 2005 13.
274 1968 352 2005 Pro
380 1968 440 2005 his
466 1969 666 2018 inpertitis
694 1968 885 2006 furiosum
912 1970 1090 2006 iuvenem
1121 1974 1327 2019 sequentes
1354 1984 1504 2021 oppug-

181 2033 323 2066 natum
341 2031 513 2079 patriam
532 2034 707 2067 nostram
728 2031 906 2068 veniunt.
952 2031 1088 2080 Atque
1107 2032 1262 2068 utinam
1281 2045 1351 2081 pro
1371 2032 1504 2070 decore

181 2094 342 2128 tantum
362 2091 434 2129 hoc
452 2092 560 2128 vobis
579 2096 618 2128 et
637 2105 715 2129 non
727 2105 796 2142 pro
808 2092 937 2129 salute
951 2096 1051 2130 esset
1063 2095 1281 2130 certamen!
1331 2094 1388 2131 14.
1411 2094 1503 2132 Non

182 2152 229 2190 de
260 2153 495 2202 possessione
530 2154 684 2190 Siciliae
716 2166 762 2190 ac
795 2153 1012 2202 Sardiniae,
1046 2154 1093 2191 de
1128 2155 1270 2204 quibus
1305 2157 1503 2205 quondam

182 2215 387 2264 agebatur,
416 2215 482 2252 sed
512 2228 583 2264 pro
617 2215 739 2252 Italia
771 2215 880 2253 vobis
910 2219 969 2253 est
1001 2216 1269 2266 pugnandum.
1330 2218 1390 2255 15.
1419 2218 1503 2256 Nec

181 2279 242 2313 est
273 2276 374 2312 alius
402 2277 453 2313 ab
479 2279 591 2326 tergo
628 2277 832 2323 exercitus,
861 2277 940 2327 qui,
970 2277 1045 2314 nisi
1072 2290 1141 2314 nos
1168 2277 1371 2326 vincimus,
1399 2279 1502 2317 hosti

181 2337 358 2384 obsistat,
379 2351 449 2377 nec
468 2337 590 2387 Alpes
609 2338 707 2376 aliae
725 2341 830 2386 sunt,
845 2351 944 2388 quas
963 2339 1055 2376 dum
1074 2343 1276 2389 superant,
1297 2343 1500 2391 conparari
