<?xml version="1.0" encoding="UTF-8"?>
<!DOCTYPE html PUBLIC "-//W3C//DTD XHTML 1.0 Transitional//EN"
    "http://www.w3.org/TR/xhtml1/DTD/xhtml1-transitional.dtd">
<html xmlns="http://www.w3.org/1999/xhtml" xml:lang="en" lang="en">
 <head>
  <title>
</title>
<meta http-equiv="Content-Type" content="text/html;charset=utf-8" />
  <meta name='ocr-system' content='tesseract 3.04.00' />
  <meta name='ocr-capabilities' content='ocr_page ocr_carea ocr_par ocr_line ocrx_word'/>
</head>
<body>
  <div class='ocr_page' id='page_1' title='image "./bookxxi21livyuoft/bookxxi21livyuoft_0084.png"; bbox 0 0 1679 2553; ppageno 0'>
   <div class='ocr_carea' id='block_1_1' title="bbox 179 269 218 300">
    <p class='ocr_par' dir='ltr' id='par_1_1' title="bbox 179 269 218 300">
     <span class='ocr_line' id='line_1_1' title="bbox 179 269 218 300; baseline 0 0"><span class='ocrx_word' id='word_1_1' title='bbox 179 269 218 300; x_wconf 86' lang='lat'>55</span> 
     </span>
    </p>
   </div>
   <div class='ocr_carea' id='block_1_2' title="bbox 184 696 221 725">
    <p class='ocr_par' dir='ltr' id='par_1_2' title="bbox 184 696 221 725">
     <span class='ocr_line' id='line_1_2' title="bbox 184 696 221 725; baseline 0.027 -1"><span class='ocrx_word' id='word_1_2' title='bbox 184 696 221 725; x_wconf 91' lang='grc'>10</span> 
     </span>
    </p>
   </div>
   <div class='ocr_carea' id='block_1_3' title="bbox 186 1000 222 1028">
    <p class='ocr_par' dir='ltr' id='par_1_3' title="bbox 186 1000 222 1028">
     <span class='ocr_line' id='line_1_3' title="bbox 186 1000 222 1028; baseline 0 0"><span class='ocrx_word' id='word_1_3' title='bbox 186 1000 222 1028; x_wconf 87' lang='grc'>15</span> 
     </span>
    </p>
   </div>
   <div class='ocr_carea' id='block_1_4' title="bbox 185 1316 224 1345">
    <p class='ocr_par' dir='ltr' id='par_1_4' title="bbox 185 1316 224 1345">
     <span class='ocr_line' id='line_1_4' title="bbox 185 1316 224 1345; baseline 0 0"><span class='ocrx_word' id='word_1_4' title='bbox 185 1316 224 1345; x_wconf 83' lang='grc'>20</span> 
     </span>
    </p>
   </div>
   <div class='ocr_carea' id='block_1_5' title="bbox 194 1923 232 1953">
    <p class='ocr_par' dir='ltr' id='par_1_5' title="bbox 194 1923 232 1953">
     <span class='ocr_line' id='line_1_5' title="bbox 194 1923 232 1953; baseline 0 0"><span class='ocrx_word' id='word_1_5' title='bbox 194 1923 232 1953; x_wconf 85' lang='grc'>30</span> 
     </span>
    </p>
   </div>
   <div class='ocr_carea' id='block_1_6' title="bbox 197 2236 235 2264">
    <p class='ocr_par' dir='ltr' id='par_1_6' title="bbox 197 2236 235 2264">
     <span class='ocr_line' id='line_1_6' title="bbox 197 2236 235 2264; baseline 0 0"><span class='ocrx_word' id='word_1_6' title='bbox 197 2236 235 2264; x_wconf 86' lang='grc'>35</span> 
     </span>
    </p>
   </div>
   <div class='ocr_carea' id='block_1_7' title="bbox 250 152 1017 189">
    <p class='ocr_par' dir='ltr' id='par_1_7' title="bbox 250 152 1017 189">
     <span class='ocr_line' id='line_1_7' title="bbox 250 152 1017 189; baseline -0.005 -1"><span class='ocrx_word' id='word_1_7' title='bbox 250 152 297 188; x_wconf 84' lang='grc'>52</span> <span class='ocrx_word' id='word_1_8' title='bbox 803 159 907 189; x_wconf 69' lang='lat' dir='ltr'>mvv.</span> <span class='ocrx_word' id='word_1_9' title='bbox 937 159 1017 185; x_wconf 86' lang='lat' dir='ltr'>xx1.</span> 
     </span>
    </p>
   </div>
   <div class='ocr_carea' id='block_1_8' title="bbox 250 249 1582 1596">
    <p class='ocr_par' dir='ltr' id='par_1_8' title="bbox 250 249 1582 1596">
     <span class='ocr_line' id='line_1_8' title="bbox 251 249 1563 304; baseline -0.005 -13"><span class='ocrx_word' id='word_1_10' title='bbox 251 255 375 292; x_wconf 87' lang='lat' dir='ltr'>otium</span> <span class='ocrx_word' id='word_1_11' title='bbox 394 257 520 304; x_wconf 83' lang='lat' dir='ltr'>capto,</span> <span class='ocrx_word' id='word_1_12' title='bbox 541 253 609 291; x_wconf 88' lang='lat' dir='ltr'>ubi</span> <span class='ocrx_word' id='word_1_13' title='bbox 627 256 890 301; x_wconf 82' lang='lat' dir='ltr'>transgressos</span> <span class='ocrx_word' id='word_1_14' title='bbox 918 252 1064 288; x_wconf 89' lang='lat' dir='ltr'>flumen</span> <span class='ocrx_word' id='word_1_15' title='bbox 1083 252 1206 288; x_wconf 80' lang='lat' dir='ltr'>hostis</span> <span class='ocrx_word' id='word_1_16' title='bbox 1233 249 1465 287; x_wconf 86' lang='lat' dir='ltr'>nuntiatum</span> <span class='ocrx_word' id='word_1_17' title='bbox 1493 251 1563 295; x_wconf 88' lang='lat' dir='ltr'>est,</span> 
     </span>
     <span class='ocr_line' id='line_1_9' title="bbox 251 310 1564 365; baseline -0.005 -12"><span class='ocrx_word' id='word_1_18' title='bbox 251 316 381 353; x_wconf 79' lang='lat' dir='ltr'>alacer</span> <span class='ocrx_word' id='word_1_19' title='bbox 417 316 559 352; x_wconf 83' lang='lat' dir='ltr'>animis</span> <span class='ocrx_word' id='word_1_20' title='bbox 594 315 895 365; x_wconf 80' lang='lat' dir='ltr'>corporibusque</span> <span class='ocrx_word' id='word_1_21' title='bbox 931 325 1044 350; x_wconf 87' lang='lat' dir='ltr'>arma</span> <span class='ocrx_word' id='word_1_22' title='bbox 1075 312 1182 362; x_wconf 86' lang='lat' dir='ltr'>capit</span> <span class='ocrx_word' id='word_1_23' title='bbox 1218 315 1338 361; x_wconf 85' lang='lat' dir='ltr'>atque</span> <span class='ocrx_word' id='word_1_24' title='bbox 1366 311 1409 348; x_wconf 89' lang='lat' dir='ltr'>in</span> <span class='ocrx_word' id='word_1_25' title='bbox 1444 310 1564 348; x_wconf 82' lang='lat' dir='ltr'>aciem</span> 
     </span>
     <span class='ocr_line' id='line_1_10' title="bbox 250 373 1565 426; baseline -0.005 -11"><span class='ocrx_word' id='word_1_26' title='bbox 250 377 432 426; x_wconf 87' lang='lat' dir='ltr'>procedit.</span> <span class='ocrx_word' id='word_1_27' title='bbox 504 377 538 413; x_wconf 85' lang='lat'>2.</span> <span class='ocrx_word' id='word_1_28' title='bbox 569 376 747 413; x_wconf 81' lang='lat' dir='ltr'>Baliares</span> <span class='ocrx_word' id='word_1_29' title='bbox 765 375 869 412; x_wconf 80' lang='lat' dir='ltr'>locat</span> <span class='ocrx_word' id='word_1_30' title='bbox 887 378 979 411; x_wconf 78' lang='lat' dir='ltr'>ante</span> <span class='ocrx_word' id='word_1_31' title='bbox 999 375 1123 423; x_wconf 82' lang='lat' dir='ltr'>signa,</span> <span class='ocrx_word' id='word_1_32' title='bbox 1151 373 1276 410; x_wconf 90' lang='lat' dir='ltr'>levem</span> <span class='ocrx_word' id='word_1_33' title='bbox 1304 375 1565 417; x_wconf 84' lang='lat' dir='ltr'>armaturam,</span> 
     </span>
     <span class='ocr_line' id='line_1_11' title="bbox 250 432 1566 484; baseline -0.005 -9"><span class='ocrx_word' id='word_1_34' title='bbox 250 442 335 475; x_wconf 83' lang='lat' dir='ltr'>octo</span> <span class='ocrx_word' id='word_1_35' title='bbox 355 438 477 474; x_wconf 83' lang='lat' dir='ltr'>ferme</span> <span class='ocrx_word' id='word_1_36' title='bbox 496 437 605 474; x_wconf 87' lang='lat' dir='ltr'>milia</span> <span class='ocrx_word' id='word_1_37' title='bbox 631 437 846 482; x_wconf 87' lang='lat' dir='ltr'>hominum,</span> <span class='ocrx_word' id='word_1_38' title='bbox 869 435 957 472; x_wconf 91' lang='lat' dir='ltr'>dein</span> <span class='ocrx_word' id='word_1_39' title='bbox 986 435 1206 484; x_wconf 78' lang='lat' dir='ltr'>graviorem</span> <span class='ocrx_word' id='word_1_40' title='bbox 1235 433 1355 470; x_wconf 81' lang='lat' dir='ltr'>armis</span> <span class='ocrx_word' id='word_1_41' title='bbox 1381 432 1566 482; x_wconf 85' lang='lat' dir='ltr'>peditem,</span> 
     </span>
     <span class='ocr_line' id='line_1_12' title="bbox 251 493 1568 548; baseline -0.005 -12"><span class='ocrx_word' id='word_1_42' title='bbox 251 500 354 548; x_wconf 90' lang='lat' dir='ltr'>quod</span> <span class='ocrx_word' id='word_1_43' title='bbox 392 499 548 545; x_wconf 81' lang='lat' dir='ltr'>virium,</span> <span class='ocrx_word' id='word_1_44' title='bbox 580 497 683 548; x_wconf 91' lang='lat' dir='ltr'>quod</span> <span class='ocrx_word' id='word_1_45' title='bbox 716 497 864 534; x_wconf 84' lang='lat' dir='ltr'>roboris</span> <span class='ocrx_word' id='word_1_46' title='bbox 892 500 980 533; x_wconf 84' lang='lat' dir='ltr'>erat</span> <span class='ocrx_word' id='word_1_47' title='bbox 995 510 1005 543; x_wconf 80' lang='lat'><em>3</em></span> <span class='ocrx_word' id='word_1_48' title='bbox 1033 496 1075 532; x_wconf 89' lang='lat' dir='ltr'>in</span> <span class='ocrx_word' id='word_1_49' title='bbox 1107 495 1286 532; x_wconf 85' lang='lat' dir='ltr'>cornibus</span> <span class='ocrx_word' id='word_1_50' title='bbox 1315 493 1568 532; x_wconf 85' lang='lat' dir='ltr'>circumfudit</span> 
     </span>
     <span class='ocr_line' id='line_1_13' title="bbox 251 557 1569 608; baseline -0.004 -10"><span class='ocrx_word' id='word_1_51' title='bbox 251 562 382 599; x_wconf 86' lang='lat' dir='ltr'>decem</span> <span class='ocrx_word' id='word_1_52' title='bbox 410 561 519 597; x_wconf 87' lang='lat' dir='ltr'>milia</span> <span class='ocrx_word' id='word_1_53' title='bbox 546 559 735 608; x_wconf 87' lang='lat' dir='ltr'>equitum,</span> <span class='ocrx_word' id='word_1_54' title='bbox 755 562 795 596; x_wconf 89' lang='lat' dir='ltr'>et</span> <span class='ocrx_word' id='word_1_55' title='bbox 823 559 873 595; x_wconf 86' lang='lat' dir='ltr'>ab</span> <span class='ocrx_word' id='word_1_56' title='bbox 892 558 1073 595; x_wconf 88' lang='lat' dir='ltr'>cornibus</span> <span class='ocrx_word' id='word_1_57' title='bbox 1099 557 1142 594; x_wconf 90' lang='lat' dir='ltr'>in</span> <span class='ocrx_word' id='word_1_58' title='bbox 1174 561 1385 605; x_wconf 85' lang='lat' dir='ltr'>utramque</span> <span class='ocrx_word' id='word_1_59' title='bbox 1415 559 1569 606; x_wconf 86' lang='lat' dir='ltr'>partem</span> 
     </span>
     <span class='ocr_line' id='line_1_14' title="bbox 253 617 1570 672; baseline -0.005 -12"><span class='ocrx_word' id='word_1_60' title='bbox 253 624 393 660; x_wconf 86' lang='lat' dir='ltr'>divisos</span> <span class='ocrx_word' id='word_1_61' title='bbox 437 622 666 672; x_wconf 87' lang='lat' dir='ltr'>elephantos</span> <span class='ocrx_word' id='word_1_62' title='bbox 711 620 865 657; x_wconf 82' lang='lat' dir='ltr'>statuit.</span> <span class='ocrx_word' id='word_1_63' title='bbox 954 620 987 656; x_wconf 85' lang='lat'>3.</span> <span class='ocrx_word' id='word_1_64' title='bbox 1019 619 1163 655; x_wconf 81' lang='lat' dir='ltr'>Consul</span> <span class='ocrx_word' id='word_1_65' title='bbox 1209 618 1327 655; x_wconf 82' lang='lat' dir='ltr'>effuse</span> <span class='ocrx_word' id='word_1_66' title='bbox 1373 617 1570 667; x_wconf 88' lang='lat' dir='ltr'>sequentis</span> 
     </span>
     <span class='ocr_line' id='line_1_15' title="bbox 252 679 1569 734; baseline -0.005 -12"><span class='ocrx_word' id='word_1_67' title='bbox 252 686 415 734; x_wconf 81' lang='lat' dir='ltr'>equiteS‚</span> <span class='ocrx_word' id='word_1_68' title='bbox 436 697 526 721; x_wconf 89' lang='lat' dir='ltr'>cum</span> <span class='ocrx_word' id='word_1_69' title='bbox 546 683 596 720; x_wconf 90' lang='lat' dir='ltr'>ab</span> <span class='ocrx_word' id='word_1_70' title='bbox 623 682 896 719; x_wconf 66' lang='lat' dir='ltr'>resistentibus</span> <span class='ocrx_word' id='word_1_71' title='bbox 924 681 1052 718; x_wconf 90' lang='lat' dir='ltr'>subito</span> <span class='ocrx_word' id='word_1_72' title='bbox 1080 680 1264 718; x_wconf 83' lang='lat' dir='ltr'>Numidis</span> <span class='ocrx_word' id='word_1_73' title='bbox 1291 679 1443 716; x_wconf 86' lang='lat' dir='ltr'>incauti</span> <span class='ocrx_word' id='word_1_74' title='bbox 1470 679 1569 716; x_wconf 81' lang='lat' dir='ltr'>exci-</span> 
     </span>
     <span class='ocr_line' id='line_1_16' title="bbox 252 741 1569 795; baseline -0.004 -13"><span class='ocrx_word' id='word_1_75' title='bbox 252 749 451 795; x_wconf 88' lang='lat' dir='ltr'>perentur,</span> <span class='ocrx_word' id='word_1_76' title='bbox 468 745 578 794; x_wconf 82' lang='lat' dir='ltr'>signo</span> <span class='ocrx_word' id='word_1_77' title='bbox 591 743 767 793; x_wconf 84' lang='lat' dir='ltr'>receptui</span> <span class='ocrx_word' id='word_1_78' title='bbox 779 743 872 780; x_wconf 88' lang='lat' dir='ltr'>dato</span> <span class='ocrx_word' id='word_1_79' title='bbox 883 745 1083 780; x_wconf 85' lang='lat' dir='ltr'>revocatos</span> <span class='ocrx_word' id='word_1_80' title='bbox 1094 741 1348 778; x_wconf 71' lang='lat' dir='ltr'>circumdedit</span> <span class='ocrx_word' id='word_1_81' title='bbox 1362 741 1569 790; x_wconf 73' lang='lat' dir='ltr'>peditibus.</span> 
     </span>
     <span class='ocr_line' id='line_1_17' title="bbox 255 802 1571 855; baseline -0.005 -11"><span class='ocrx_word' id='word_1_82' title='bbox 255 809 289 844; x_wconf 86' lang='lat'>4.</span> <span class='ocrx_word' id='word_1_83' title='bbox 320 805 600 855; x_wconf 83' lang='lat' dir='ltr'>Duodeviginti</span> <span class='ocrx_word' id='word_1_84' title='bbox 618 805 727 842; x_wconf 83' lang='lat' dir='ltr'>milia</span> <span class='ocrx_word' id='word_1_85' title='bbox 747 805 931 842; x_wconf 81' lang='lat' dir='ltr'>Romana</span> <span class='ocrx_word' id='word_1_86' title='bbox 943 807 1070 849; x_wconf 81' lang='lat' dir='ltr'>erant,</span> <span class='ocrx_word' id='word_1_87' title='bbox 1086 803 1229 840; x_wconf 85' lang='lat' dir='ltr'>socium</span> <span class='ocrx_word' id='word_1_88' title='bbox 1252 802 1420 839; x_wconf 87' lang='lat' dir='ltr'>nominis</span> <span class='ocrx_word' id='word_1_89' title='bbox 1435 802 1571 839; x_wconf 90' lang='lat' dir='ltr'>Latini</span> 
     </span>
     <span class='ocr_line' id='line_1_18' title="bbox 254 864 1572 919; baseline -0.002 -13"><span class='ocrx_word' id='word_1_90' title='bbox 254 870 407 919; x_wconf 85' lang='lat' dir='ltr'>viginti,</span> <span class='ocrx_word' id='word_1_91' title='bbox 440 869 587 905; x_wconf 80' lang='lat' dir='ltr'>auxilia</span> <span class='ocrx_word' id='word_1_92' title='bbox 617 871 821 917; x_wconf 84' lang='lat' dir='ltr'>praeterea</span> <span class='ocrx_word' id='word_1_93' title='bbox 854 867 1168 911; x_wconf 83' lang='lat' dir='ltr'>Cenomanorum</span> <span class='ocrx_word' id='word_1_94' title='bbox 1180 878 1190 912; x_wconf 81' lang='lat'>3</span> <span class='ocrx_word' id='word_1_95' title='bbox 1228 877 1274 901; x_wconf 87' lang='lat' dir='ltr'>ea</span> <span class='ocrx_word' id='word_1_96' title='bbox 1307 864 1387 902; x_wconf 87' lang='lat' dir='ltr'>sola</span> <span class='ocrx_word' id='word_1_97' title='bbox 1417 866 1461 901; x_wconf 87' lang='lat' dir='ltr'>in</span> <span class='ocrx_word' id='word_1_98' title='bbox 1497 865 1572 903; x_wconf 86' lang='lat' dir='ltr'>fide</span> 
     </span>
     <span class='ocr_line' id='line_1_19' title="bbox 255 926 1572 978; baseline -0.003 -10"><span class='ocrx_word' id='word_1_99' title='bbox 255 934 457 968; x_wconf 80' lang='lat' dir='ltr'>manserat</span> <span class='ocrx_word' id='word_1_100' title='bbox 477 930 628 967; x_wconf 81' lang='lat' dir='ltr'>Gallica</span> <span class='ocrx_word' id='word_1_101' title='bbox 649 942 754 978; x_wconf 84' lang='lat' dir='ltr'>gens.</span> <span class='ocrx_word' id='word_1_102' title='bbox 803 929 859 965; x_wconf 86' lang='lat' dir='ltr'>Iis</span> <span class='ocrx_word' id='word_1_103' title='bbox 886 928 1003 977; x_wconf 79' lang='lat' dir='ltr'>copiis</span> <span class='ocrx_word' id='word_1_104' title='bbox 1021 939 1253 964; x_wconf 85' lang='lat' dir='ltr'>concursum</span> <span class='ocrx_word' id='word_1_105' title='bbox 1273 929 1342 963; x_wconf 90' lang='lat' dir='ltr'>est.</span> <span class='ocrx_word' id='word_1_106' title='bbox 1391 927 1425 963; x_wconf 86' lang='lat'>5.</span> <span class='ocrx_word' id='word_1_107' title='bbox 1456 926 1572 964; x_wconf 88' lang='lat' dir='ltr'>Proe-</span> 
     </span>
     <span class='ocr_line' id='line_1_20' title="bbox 255 988 1573 1039; baseline -0.003 -9"><span class='ocrx_word' id='word_1_108' title='bbox 255 994 352 1030; x_wconf 86' lang='lat' dir='ltr'>lium</span> <span class='ocrx_word' id='word_1_109' title='bbox 380 1005 404 1029; x_wconf 90' lang='lat' dir='ltr'>a</span> <span class='ocrx_word' id='word_1_110' title='bbox 438 992 659 1029; x_wconf 79' lang='lat' dir='ltr'>Baliaribus</span> <span class='ocrx_word' id='word_1_111' title='bbox 687 994 819 1028; x_wconf 85' lang='lat' dir='ltr'>ortum</span> <span class='ocrx_word' id='word_1_112' title='bbox 839 993 898 1027; x_wconf 88' lang='lat' dir='ltr'>est</span> <span class='ocrx_word' id='word_1_113' title='bbox 913 1003 923 1037; x_wconf 85' lang='lat'>3</span> <span class='ocrx_word' id='word_1_114' title='bbox 979 989 1120 1039; x_wconf 90' lang='lat' dir='ltr'>quibus</span> <span class='ocrx_word' id='word_1_115' title='bbox 1147 1001 1235 1025; x_wconf 87' lang='lat' dir='ltr'>cum</span> <span class='ocrx_word' id='word_1_116' title='bbox 1265 988 1410 1025; x_wconf 85' lang='lat' dir='ltr'>maiore</span> <span class='ocrx_word' id='word_1_117' title='bbox 1436 988 1573 1026; x_wconf 89' lang='lat' dir='ltr'>robore</span> 
     </span>
     <span class='ocr_line' id='line_1_21' title="bbox 258 1049 1574 1104; baseline -0.005 -13"><span class='ocrx_word' id='word_1_118' title='bbox 258 1055 427 1104; x_wconf 82' lang='lat' dir='ltr'>legiones</span> <span class='ocrx_word' id='word_1_119' title='bbox 446 1053 692 1099; x_wconf 87' lang='lat' dir='ltr'>obsisterent,</span> <span class='ocrx_word' id='word_1_120' title='bbox 713 1051 872 1089; x_wconf 88' lang='lat' dir='ltr'>diducta</span> <span class='ocrx_word' id='word_1_121' title='bbox 900 1063 1063 1101; x_wconf 84' lang='lat' dir='ltr'>propere</span> <span class='ocrx_word' id='word_1_122' title='bbox 1089 1050 1129 1086; x_wconf 91' lang='lat' dir='ltr'>in</span> <span class='ocrx_word' id='word_1_123' title='bbox 1151 1062 1298 1086; x_wconf 90' lang='lat' dir='ltr'>cornua</span> <span class='ocrx_word' id='word_1_124' title='bbox 1324 1049 1420 1087; x_wconf 89' lang='lat' dir='ltr'>levis</span> <span class='ocrx_word' id='word_1_125' title='bbox 1447 1062 1574 1086; x_wconf 88' lang='lat' dir='ltr'>arma-</span> 
     </span>
     <span class='ocr_line' id='line_1_22' title="bbox 257 1110 1573 1164; baseline -0.005 -11"><span class='ocrx_word' id='word_1_126' title='bbox 257 1121 350 1154; x_wconf 84' lang='lat' dir='ltr'>tura</span> <span class='ocrx_word' id='word_1_127' title='bbox 396 1119 467 1163; x_wconf 91' lang='lat' dir='ltr'>est,</span> <span class='ocrx_word' id='word_1_128' title='bbox 515 1126 616 1164; x_wconf 87' lang='lat' dir='ltr'>quae</span> <span class='ocrx_word' id='word_1_129' title='bbox 661 1126 723 1151; x_wconf 90' lang='lat' dir='ltr'>res</span> <span class='ocrx_word' id='word_1_130' title='bbox 764 1113 902 1159; x_wconf 80' lang='lat' dir='ltr'>effecit,</span> <span class='ocrx_word' id='word_1_131' title='bbox 950 1116 996 1149; x_wconf 89' lang='lat' dir='ltr'>ut</span> <span class='ocrx_word' id='word_1_132' title='bbox 1032 1111 1234 1161; x_wconf 83' lang='lat' dir='ltr'>equitatus</span> <span class='ocrx_word' id='word_1_133' title='bbox 1270 1110 1475 1148; x_wconf 84' lang='lat' dir='ltr'>Romanus</span> <span class='ocrx_word' id='word_1_134' title='bbox 1510 1123 1573 1148; x_wconf 86' lang='lat' dir='ltr'>ex-</span> 
     </span>
     <span class='ocr_line' id='line_1_23' title="bbox 258 1172 1575 1227; baseline -0.005 -12"><span class='ocrx_word' id='word_1_135' title='bbox 258 1177 404 1227; x_wconf 89' lang='lat' dir='ltr'>templo</span> <span class='ocrx_word' id='word_1_136' title='bbox 423 1179 634 1226; x_wconf 85' lang='lat' dir='ltr'>urgeretur</span> <span class='ocrx_word' id='word_1_137' title='bbox 649 1189 659 1223; x_wconf 80' lang='lat'><em>3</em></span> <span class='ocrx_word' id='word_1_138' title='bbox 717 1176 751 1213; x_wconf 89' lang='grc'>6.</span> <span class='ocrx_word' id='word_1_139' title='bbox 781 1187 876 1212; x_wconf 85' lang='lat' dir='ltr'>nam</span> <span class='ocrx_word' id='word_1_140' title='bbox 899 1187 989 1211; x_wconf 89' lang='lat' dir='ltr'>cum</span> <span class='ocrx_word' id='word_1_141' title='bbox 1008 1174 1075 1210; x_wconf 77' lang='lat' dir='ltr'>vix</span> <span class='ocrx_word' id='word_1_142' title='bbox 1093 1173 1173 1209; x_wconf 77' lang='lat' dir='ltr'>iam</span> <span class='ocrx_word' id='word_1_143' title='bbox 1201 1184 1270 1222; x_wconf 87' lang='lat' dir='ltr'>per</span> <span class='ocrx_word' id='word_1_144' title='bbox 1289 1184 1328 1209; x_wconf 89' lang='lat' dir='ltr'>se</span> <span class='ocrx_word' id='word_1_145' title='bbox 1346 1172 1575 1210; x_wconf 88' lang='lat' dir='ltr'>resisterent</span> 
     </span>
     <span class='ocr_line' id='line_1_24' title="bbox 259 1234 1578 1287; baseline -0.004 -10"><span class='ocrx_word' id='word_1_146' title='bbox 259 1241 388 1278; x_wconf 88' lang='lat' dir='ltr'>decem</span> <span class='ocrx_word' id='word_1_147' title='bbox 424 1239 581 1276; x_wconf 88' lang='lat' dir='ltr'>milibus</span> <span class='ocrx_word' id='word_1_148' title='bbox 617 1238 796 1287; x_wconf 88' lang='lat' dir='ltr'>equitum</span> <span class='ocrx_word' id='word_1_149' title='bbox 841 1240 1030 1286; x_wconf 87' lang='lat' dir='ltr'>quattuor</span> <span class='ocrx_word' id='word_1_150' title='bbox 1067 1235 1176 1272; x_wconf 88' lang='lat' dir='ltr'>milia</span> <span class='ocrx_word' id='word_1_151' title='bbox 1212 1238 1252 1272; x_wconf 86' lang='lat' dir='ltr'>et</span> <span class='ocrx_word' id='word_1_152' title='bbox 1288 1234 1379 1272; x_wconf 82' lang='lat' dir='ltr'>fessi</span> <span class='ocrx_word' id='word_1_153' title='bbox 1412 1235 1578 1285; x_wconf 86' lang='lat' dir='ltr'>integris</span> 
     </span>
     <span class='ocr_line' id='line_1_25' title="bbox 259 1296 1578 1351; baseline -0.004 -14"><span class='ocrx_word' id='word_1_154' title='bbox 259 1301 466 1351; x_wconf 85' lang='lat' dir='ltr'>plerisque,</span> <span class='ocrx_word' id='word_1_155' title='bbox 513 1299 646 1336; x_wconf 79' lang='lat' dir='ltr'>obruti</span> <span class='ocrx_word' id='word_1_156' title='bbox 683 1302 776 1335; x_wconf 90' lang='lat' dir='ltr'>sunt</span> <span class='ocrx_word' id='word_1_157' title='bbox 820 1298 980 1347; x_wconf 87' lang='lat' dir='ltr'>insuper</span> <span class='ocrx_word' id='word_1_158' title='bbox 1017 1297 1126 1334; x_wconf 77' lang='lat' dir='ltr'>velut</span> <span class='ocrx_word' id='word_1_159' title='bbox 1162 1296 1266 1333; x_wconf 91' lang='lat' dir='ltr'>nube</span> <span class='ocrx_word' id='word_1_160' title='bbox 1302 1296 1519 1333; x_wconf 86' lang='lat' dir='ltr'>iaculorum</span> <span class='ocrx_word' id='word_1_161' title='bbox 1554 1309 1578 1332; x_wconf 90' lang='lat' dir='ltr'>a</span> 
     </span>
     <span class='ocr_line' id='line_1_26' title="bbox 262 1358 1578 1407; baseline -0.005 -8"><span class='ocrx_word' id='word_1_162' title='bbox 262 1362 484 1399; x_wconf 77' lang='lat' dir='ltr'>Baliaribus</span> <span class='ocrx_word' id='word_1_163' title='bbox 515 1361 701 1398; x_wconf 87' lang='lat' dir='ltr'>coniecta.</span> <span class='ocrx_word' id='word_1_164' title='bbox 772 1359 804 1396; x_wconf 85' lang='lat'>7.</span> <span class='ocrx_word' id='word_1_165' title='bbox 836 1359 901 1395; x_wconf 89' lang='lat' dir='ltr'>Ad</span> <span class='ocrx_word' id='word_1_166' title='bbox 938 1359 1009 1395; x_wconf 89' lang='lat' dir='ltr'>hoc</span> <span class='ocrx_word' id='word_1_167' title='bbox 1046 1358 1249 1407; x_wconf 81' lang='lat' dir='ltr'>elephanti</span> <span class='ocrx_word' id='word_1_168' title='bbox 1284 1358 1501 1394; x_wconf 89' lang='lat' dir='ltr'>eminentes</span> <span class='ocrx_word' id='word_1_169' title='bbox 1527 1358 1578 1394; x_wconf 94' lang='lat' dir='ltr'>ab</span> 
     </span>
     <span class='ocr_line' id='line_1_27' title="bbox 261 1418 1580 1471; baseline -0.005 -10"><span class='ocrx_word' id='word_1_170' title='bbox 261 1423 447 1461; x_wconf 80' lang='lat' dir='ltr'>extremis</span> <span class='ocrx_word' id='word_1_171' title='bbox 466 1422 657 1469; x_wconf 84' lang='lat' dir='ltr'>cornibus,</span> <span class='ocrx_word' id='word_1_172' title='bbox 685 1422 793 1471; x_wconf 86' lang='lat' dir='ltr'>equis</span> <span class='ocrx_word' id='word_1_173' title='bbox 821 1422 992 1458; x_wconf 74' lang='lat' dir='ltr'>maxime</span> <span class='ocrx_word' id='word_1_174' title='bbox 1011 1433 1089 1458; x_wconf 88' lang='lat' dir='ltr'>non</span> <span class='ocrx_word' id='word_1_175' title='bbox 1117 1420 1204 1457; x_wconf 86' lang='lat' dir='ltr'>visu</span> <span class='ocrx_word' id='word_1_176' title='bbox 1232 1419 1344 1456; x_wconf 91' lang='lat' dir='ltr'>modo</span> <span class='ocrx_word' id='word_1_177' title='bbox 1372 1419 1438 1456; x_wconf 87' lang='lat' dir='ltr'>sed</span> <span class='ocrx_word' id='word_1_178' title='bbox 1465 1418 1580 1456; x_wconf 88' lang='lat' dir='ltr'>odore</span> 
     </span>
     <span class='ocr_line' id='line_1_28' title="bbox 262 1480 1580 1533; baseline -0.005 -11"><span class='ocrx_word' id='word_1_179' title='bbox 262 1486 416 1523; x_wconf 89' lang='lat' dir='ltr'>insolito</span> <span class='ocrx_word' id='word_1_180' title='bbox 434 1484 597 1530; x_wconf 82' lang='lat' dir='ltr'>territiS,</span> <span class='ocrx_word' id='word_1_181' title='bbox 618 1483 756 1533; x_wconf 83' lang='lat' dir='ltr'>fugam</span> <span class='ocrx_word' id='word_1_182' title='bbox 774 1484 854 1520; x_wconf 81' lang='lat' dir='ltr'>late</span> <span class='ocrx_word' id='word_1_183' title='bbox 872 1482 1082 1519; x_wconf 84' lang='lat' dir='ltr'>faciebant.</span> <span class='ocrx_word' id='word_1_184' title='bbox 1158 1482 1192 1518; x_wconf 88' lang='grc'>8.</span> <span class='ocrx_word' id='word_1_185' title='bbox 1224 1480 1419 1518; x_wconf 87' lang='lat' dir='ltr'>Pedestris</span> <span class='ocrx_word' id='word_1_186' title='bbox 1445 1493 1580 1530; x_wconf 84' lang='lat' dir='ltr'>pugna</span> 
     </span>
     <span class='ocr_line' id='line_1_29' title="bbox 262 1541 1582 1596; baseline -0.004 -13"><span class='ocrx_word' id='word_1_187' title='bbox 262 1560 334 1596; x_wconf 84' lang='lat' dir='ltr'>par</span> <span class='ocrx_word' id='word_1_188' title='bbox 353 1546 493 1583; x_wconf 79' lang='lat' dir='ltr'>animis</span> <span class='ocrx_word' id='word_1_189' title='bbox 520 1545 646 1594; x_wconf 84' lang='lat' dir='ltr'>magis</span> <span class='ocrx_word' id='word_1_190' title='bbox 664 1557 785 1594; x_wconf 84' lang='lat' dir='ltr'>quam</span> <span class='ocrx_word' id='word_1_191' title='bbox 814 1544 962 1580; x_wconf 84' lang='lat' dir='ltr'>viribus</span> <span class='ocrx_word' id='word_1_192' title='bbox 989 1548 1088 1590; x_wconf 88' lang='lat' dir='ltr'>erat,</span> <span class='ocrx_word' id='word_1_193' title='bbox 1108 1555 1206 1592; x_wconf 88' lang='lat' dir='ltr'>quas</span> <span class='ocrx_word' id='word_1_194' title='bbox 1233 1541 1401 1579; x_wconf 86' lang='lat' dir='ltr'>recentis</span> <span class='ocrx_word' id='word_1_195' title='bbox 1428 1543 1582 1579; x_wconf 89' lang='lat' dir='ltr'>Poenus</span> 
     </span>
    </p>
   </div>
   <div class='ocr_carea' id='block_1_9' title="bbox 214 1603 1581 1658">
    <p class='ocr_par' dir='ltr' id='par_1_9' title="bbox 214 1603 1581 1658">
     <span class='ocr_line' id='line_1_30' title="bbox 214 1603 1581 1658; baseline -0.004 -14"><span class='ocrx_word' id='word_1_196' title='bbox 214 1620 225 1628; x_wconf 71' lang='lat'><em>⁷</em></span> <span class='ocrx_word' id='word_1_197' title='bbox 263 1609 379 1658; x_wconf 85' lang='lat' dir='ltr'>paulo</span> <span class='ocrx_word' id='word_1_198' title='bbox 399 1611 494 1644; x_wconf 86' lang='lat' dir='ltr'>ante</span> <span class='ocrx_word' id='word_1_199' title='bbox 513 1605 659 1644; x_wconf 75' lang='lat' dir='ltr'>curatis</span> <span class='ocrx_word' id='word_1_200' title='bbox 678 1605 904 1655; x_wconf 84' lang='lat' dir='ltr'>corporibus</span> <span class='ocrx_word' id='word_1_201' title='bbox 921 1605 962 1641; x_wconf 90' lang='lat' dir='ltr'>in</span> <span class='ocrx_word' id='word_1_202' title='bbox 983 1604 1173 1654; x_wconf 86' lang='lat' dir='ltr'>proelium</span> <span class='ocrx_word' id='word_1_203' title='bbox 1193 1603 1393 1640; x_wconf 78' lang='lat' dir='ltr'>adtulerat</span> <span class='ocrx_word' id='word_1_204' title='bbox 1404 1616 1415 1651; x_wconf 78' lang='lat'>3</span> <span class='ocrx_word' id='word_1_205' title='bbox 1443 1605 1581 1640; x_wconf 73' lang='lat' dir='ltr'>contra</span> 
     </span>
    </p>
   </div>
   <div class='ocr_carea' id='block_1_10' title="bbox 263 1665 1590 2274">
    <p class='ocr_par' dir='ltr' id='par_1_10' title="bbox 263 1665 1590 2274">
     <span class='ocr_line' id='line_1_31' title="bbox 263 1665 1586 1717; baseline -0.004 -11"><span class='ocrx_word' id='word_1_206' title='bbox 263 1671 394 1707; x_wconf 84' lang='lat' dir='ltr'>ieiuna</span> <span class='ocrx_word' id='word_1_207' title='bbox 427 1668 605 1717; x_wconf 84' lang='lat' dir='ltr'>fessaque</span> <span class='ocrx_word' id='word_1_208' title='bbox 642 1680 805 1717; x_wconf 84' lang='lat' dir='ltr'>corpora</span> <span class='ocrx_word' id='word_1_209' title='bbox 839 1667 1030 1704; x_wconf 82' lang='lat' dir='ltr'>Romanis</span> <span class='ocrx_word' id='word_1_210' title='bbox 1059 1670 1099 1703; x_wconf 91' lang='lat' dir='ltr'>et</span> <span class='ocrx_word' id='word_1_211' title='bbox 1130 1666 1301 1715; x_wconf 84' lang='lat' dir='ltr'>rigentia</span> <span class='ocrx_word' id='word_1_212' title='bbox 1335 1665 1424 1713; x_wconf 85' lang='lat' dir='ltr'>gelu</span> <span class='ocrx_word' id='word_1_213' title='bbox 1455 1667 1586 1714; x_wconf 89' lang='lat' dir='ltr'>torpe—</span> 
     </span>
     <span class='ocr_line' id='line_1_32' title="bbox 263 1726 1582 1776; baseline -0.005 -7"><span class='ocrx_word' id='word_1_214' title='bbox 263 1733 372 1769; x_wconf 88' lang='lat' dir='ltr'>bant.</span> <span class='ocrx_word' id='word_1_215' title='bbox 431 1731 465 1769; x_wconf 91' lang='lat'>9.</span> <span class='ocrx_word' id='word_1_216' title='bbox 495 1730 752 1768; x_wconf 83' lang='lat' dir='ltr'>Restitissent</span> <span class='ocrx_word' id='word_1_217' title='bbox 781 1733 918 1766; x_wconf 88' lang='lat' dir='ltr'>tamen</span> <span class='ocrx_word' id='word_1_218' title='bbox 945 1729 1099 1776; x_wconf 87' lang='lat' dir='ltr'>animis,</span> <span class='ocrx_word' id='word_1_219' title='bbox 1129 1729 1160 1765; x_wconf 91' lang='lat' dir='ltr'>si</span> <span class='ocrx_word' id='word_1_220' title='bbox 1188 1740 1276 1764; x_wconf 86' lang='lat' dir='ltr'>cum</span> <span class='ocrx_word' id='word_1_221' title='bbox 1302 1727 1432 1776; x_wconf 87' lang='lat' dir='ltr'>pedite</span> <span class='ocrx_word' id='word_1_222' title='bbox 1459 1726 1582 1763; x_wconf 89' lang='lat' dir='ltr'>solum</span> 
     </span>
     <span class='ocr_line' id='line_1_33' title="bbox 264 1788 1584 1843; baseline -0.006 -11"><span class='ocrx_word' id='word_1_223' title='bbox 264 1794 366 1832; x_wconf 84' lang='lat' dir='ltr'>foret</span> <span class='ocrx_word' id='word_1_224' title='bbox 383 1798 605 1843; x_wconf 86' lang='lat' dir='ltr'>pugnatum</span> <span class='ocrx_word' id='word_1_225' title='bbox 619 1806 629 1839; x_wconf 80' lang='lat'><em>3</em></span> <span class='ocrx_word' id='word_1_226' title='bbox 658 1792 724 1829; x_wconf 88' lang='lat' dir='ltr'>sed</span> <span class='ocrx_word' id='word_1_227' title='bbox 751 1796 792 1829; x_wconf 88' lang='lat' dir='ltr'>et</span> <span class='ocrx_word' id='word_1_228' title='bbox 820 1791 998 1828; x_wconf 82' lang='lat' dir='ltr'>BaIiares</span> <span class='ocrx_word' id='word_1_229' title='bbox 1016 1791 1127 1840; x_wconf 90' lang='lat' dir='ltr'>pulso</span> <span class='ocrx_word' id='word_1_230' title='bbox 1147 1790 1278 1839; x_wconf 87' lang='lat' dir='ltr'>equite</span> <span class='ocrx_word' id='word_1_231' title='bbox 1305 1788 1584 1825; x_wconf 84' lang='lat' dir='ltr'>iaculabantur</span> 
     </span>
     <span class='ocr_line' id='line_1_34' title="bbox 266 1850 1590 1904; baseline -0.005 -11"><span class='ocrx_word' id='word_1_232' title='bbox 266 1857 309 1893; x_wconf 92' lang='lat' dir='ltr'>in</span> <span class='ocrx_word' id='word_1_233' title='bbox 326 1855 468 1902; x_wconf 87' lang='lat' dir='ltr'>latera,</span> <span class='ocrx_word' id='word_1_234' title='bbox 488 1857 529 1891; x_wconf 89' lang='lat' dir='ltr'>et</span> <span class='ocrx_word' id='word_1_235' title='bbox 556 1854 759 1904; x_wconf 85' lang='lat' dir='ltr'>elephanti</span> <span class='ocrx_word' id='word_1_236' title='bbox 786 1854 867 1890; x_wconf 91' lang='lat' dir='ltr'>iam</span> <span class='ocrx_word' id='word_1_237' title='bbox 894 1853 937 1890; x_wconf 90' lang='lat' dir='ltr'>in</span> <span class='ocrx_word' id='word_1_238' title='bbox 956 1853 1126 1890; x_wconf 87' lang='lat' dir='ltr'>mediam</span> <span class='ocrx_word' id='word_1_239' title='bbox 1154 1851 1332 1902; x_wconf 88' lang='lat' dir='ltr'>peditum</span> <span class='ocrx_word' id='word_1_240' title='bbox 1359 1850 1483 1888; x_wconf 89' lang='lat' dir='ltr'>aciem</span> <span class='ocrx_word' id='word_1_241' title='bbox 1509 1862 1590 1887; x_wconf 91' lang='lat' dir='ltr'>sese</span> 
     </span>
     <span class='ocr_line' id='line_1_35' title="bbox 266 1911 1590 1965; baseline -0.005 -11"><span class='ocrx_word' id='word_1_242' title='bbox 266 1917 455 1962; x_wconf 87' lang='lat' dir='ltr'>tulerant,</span> <span class='ocrx_word' id='word_1_243' title='bbox 471 1919 511 1953; x_wconf 89' lang='lat' dir='ltr'>et</span> <span class='ocrx_word' id='word_1_244' title='bbox 531 1915 653 1965; x_wconf 84' lang='lat' dir='ltr'>Mago</span> <span class='ocrx_word' id='word_1_245' title='bbox 668 1915 953 1964; x_wconf 76' lang='lat' dir='ltr'>Numidaeque,</span> <span class='ocrx_word' id='word_1_246' title='bbox 974 1914 1089 1952; x_wconf 82' lang='lat' dir='ltr'>simul</span> <span class='ocrx_word' id='word_1_247' title='bbox 1108 1914 1282 1951; x_wconf 79' lang='lat' dir='ltr'>latebras</span> <span class='ocrx_word' id='word_1_248' title='bbox 1300 1924 1435 1949; x_wconf 89' lang='lat' dir='ltr'>eorum</span> <span class='ocrx_word' id='word_1_249' title='bbox 1461 1911 1590 1960; x_wconf 90' lang='lat' dir='ltr'>inpro-</span> 
     </span>
     <span class='ocr_line' id='line_1_36' title="bbox 267 1973 1590 2027; baseline -0.005 -12"><span class='ocrx_word' id='word_1_250' title='bbox 267 1978 356 2015; x_wconf 84' lang='lat' dir='ltr'>vida</span> <span class='ocrx_word' id='word_1_251' title='bbox 370 1977 613 2027; x_wconf 82' lang='lat' dir='ltr'>praeterlata</span> <span class='ocrx_word' id='word_1_252' title='bbox 627 1977 728 2014; x_wconf 89' lang='lat' dir='ltr'>acies</span> <span class='ocrx_word' id='word_1_253' title='bbox 742 1980 813 2023; x_wconf 90' lang='lat' dir='ltr'>est,</span> <span class='ocrx_word' id='word_1_254' title='bbox 829 1977 956 2013; x_wconf 81' lang='lat' dir='ltr'>exorti</span> <span class='ocrx_word' id='word_1_255' title='bbox 968 1977 1018 2013; x_wconf 89' lang='lat' dir='ltr'>ab</span> <span class='ocrx_word' id='word_1_256' title='bbox 1029 1979 1140 2026; x_wconf 84' lang='lat' dir='ltr'>tergo</span> <span class='ocrx_word' id='word_1_257' title='bbox 1155 1975 1355 2024; x_wconf 86' lang='lat' dir='ltr'>ingentem</span> <span class='ocrx_word' id='word_1_258' title='bbox 1369 1973 1590 2010; x_wconf 84' lang='lat' dir='ltr'>tumultum</span> 
     </span>
     <span class='ocr_line' id='line_1_37' title="bbox 267 2034 1589 2076; baseline -0.005 0"><span class='ocrx_word' id='word_1_259' title='bbox 267 2053 310 2076; x_wconf 79' lang='lat' dir='ltr'>ac</span> <span class='ocrx_word' id='word_1_260' title='bbox 344 2042 533 2076; x_wconf 88' lang='lat' dir='ltr'>terrorem</span> <span class='ocrx_word' id='word_1_261' title='bbox 572 2038 709 2075; x_wconf 84' lang='lat' dir='ltr'>fecere.</span> <span class='ocrx_word' id='word_1_262' title='bbox 786 2038 845 2075; x_wconf 87' lang='lat'>10.</span> <span class='ocrx_word' id='word_1_263' title='bbox 876 2038 1025 2074; x_wconf 86' lang='lat' dir='ltr'>Tamen</span> <span class='ocrx_word' id='word_1_264' title='bbox 1062 2037 1104 2073; x_wconf 90' lang='lat' dir='ltr'>in</span> <span class='ocrx_word' id='word_1_265' title='bbox 1142 2039 1204 2073; x_wconf 86' lang='lat' dir='ltr'>tot</span> <span class='ocrx_word' id='word_1_266' title='bbox 1241 2034 1589 2072; x_wconf 84' lang='lat' dir='ltr'>circumstantibus</span> 
     </span>
     <span class='ocr_line' id='line_1_38' title="bbox 268 2096 1589 2149; baseline -0.005 -11"><span class='ocrx_word' id='word_1_267' title='bbox 268 2101 382 2138; x_wconf 86' lang='lat' dir='ltr'>malis</span> <span class='ocrx_word' id='word_1_268' title='bbox 425 2100 570 2137; x_wconf 88' lang='lat' dir='ltr'>mansit</span> <span class='ocrx_word' id='word_1_269' title='bbox 606 2098 849 2149; x_wconf 85' lang='lat' dir='ltr'>aliquamdiu</span> <span class='ocrx_word' id='word_1_270' title='bbox 885 2099 1035 2136; x_wconf 81' lang='lat' dir='ltr'>inmota</span> <span class='ocrx_word' id='word_1_271' title='bbox 1073 2098 1182 2144; x_wconf 84' lang='lat' dir='ltr'>acies,</span> <span class='ocrx_word' id='word_1_272' title='bbox 1222 2096 1394 2134; x_wconf 76' lang='lat' dir='ltr'>maxime</span> <span class='ocrx_word' id='word_1_273' title='bbox 1429 2097 1589 2144; x_wconf 86' lang='lat' dir='ltr'>praeter</span> 
     </span>
     <span class='ocr_line' id='line_1_39' title="bbox 268 2155 1586 2212; baseline -0.006 -12"><span class='ocrx_word' id='word_1_274' title='bbox 268 2174 375 2212; x_wconf 87' lang='lat' dir='ltr'>spem</span> <span class='ocrx_word' id='word_1_275' title='bbox 393 2161 569 2200; x_wconf 80' lang='lat' dir='ltr'>omnium</span> <span class='ocrx_word' id='word_1_276' title='bbox 587 2161 772 2199; x_wconf 86' lang='lat' dir='ltr'>adversus</span> <span class='ocrx_word' id='word_1_277' title='bbox 799 2160 1037 2211; x_wconf 86' lang='lat' dir='ltr'>elephantos.</span> <span class='ocrx_word' id='word_1_278' title='bbox 1111 2160 1171 2196; x_wconf 95' lang='grc'>11.</span> <span class='ocrx_word' id='word_1_279' title='bbox 1201 2158 1279 2195; x_wconf 88' lang='lat' dir='ltr'>Eos</span> <span class='ocrx_word' id='word_1_280' title='bbox 1307 2157 1444 2194; x_wconf 89' lang='lat' dir='ltr'>velites</span> <span class='ocrx_word' id='word_1_281' title='bbox 1471 2155 1520 2193; x_wconf 90' lang='lat' dir='ltr'>ad</span> <span class='ocrx_word' id='word_1_282' title='bbox 1546 2155 1586 2192; x_wconf 91' lang='lat' dir='ltr'>id</span> 
     </span>
     <span class='ocr_line' id='line_1_40' title="bbox 268 2219 1586 2274; baseline -0.005 -13"><span class='ocrx_word' id='word_1_283' title='bbox 268 2225 395 2274; x_wconf 88' lang='lat' dir='ltr'>ipsum</span> <span class='ocrx_word' id='word_1_284' title='bbox 412 2223 531 2260; x_wconf 83' lang='lat' dir='ltr'>locati</span> <span class='ocrx_word' id='word_1_285' title='bbox 549 2222 698 2260; x_wconf 82' lang='lat' dir='ltr'>verutis</span> <span class='ocrx_word' id='word_1_286' title='bbox 716 2222 897 2260; x_wconf 86' lang='lat' dir='ltr'>coniectis</span> <span class='ocrx_word' id='word_1_287' title='bbox 914 2226 954 2259; x_wconf 89' lang='lat' dir='ltr'>et</span> <span class='ocrx_word' id='word_1_288' title='bbox 973 2225 1151 2258; x_wconf 83' lang='lat' dir='ltr'>avertere</span> <span class='ocrx_word' id='word_1_289' title='bbox 1177 2223 1218 2258; x_wconf 87' lang='lat' dir='ltr'>et</span> <span class='ocrx_word' id='word_1_290' title='bbox 1241 2219 1407 2256; x_wconf 86' lang='lat' dir='ltr'>insecuti</span> <span class='ocrx_word' id='word_1_291' title='bbox 1432 2228 1586 2255; x_wconf 75' lang='lat' dir='ltr'>aversos</span> 
     </span>
    </p>
   </div>
   <div class='ocr_carea' id='block_1_11' title="bbox 269 2279 1586 2385">
    <p class='ocr_par' dir='ltr' id='par_1_11' title="bbox 269 2279 1586 2385">
     <span class='ocr_line' id='line_1_41' title="bbox 269 2279 1586 2333; baseline -0.006 -11"><span class='ocrx_word' id='word_1_292' title='bbox 269 2285 341 2322; x_wconf 93' lang='lat' dir='ltr'>sub</span> <span class='ocrx_word' id='word_1_293' title='bbox 358 2285 500 2331; x_wconf 72' lang='lat' dir='ltr'>caudis,</span> <span class='ocrx_word' id='word_1_294' title='bbox 520 2297 600 2333; x_wconf 87' lang='lat' dir='ltr'>qua</span> <span class='ocrx_word' id='word_1_295' title='bbox 618 2296 803 2320; x_wconf 84' lang='lat' dir='ltr'>maxume</span> <span class='ocrx_word' id='word_1_296' title='bbox 823 2283 929 2319; x_wconf 87' lang='lat' dir='ltr'>molli</span> <span class='ocrx_word' id='word_1_297' title='bbox 949 2286 1037 2320; x_wconf 86' lang='lat' dir='ltr'>cute</span> <span class='ocrx_word' id='word_1_298' title='bbox 1056 2282 1219 2319; x_wconf 77' lang='lat' dir='ltr'>vulnera</span> <span class='ocrx_word' id='word_1_299' title='bbox 1238 2280 1443 2329; x_wconf 76' lang='lat' dir='ltr'>accipiunt⁷</span> <span class='ocrx_word' id='word_1_300' title='bbox 1464 2279 1586 2320; x_wconf 78' lang='lat' dir='ltr'>fodie-</span> 
     </span>
     <span class='ocr_line' id='line_1_42' title="bbox 270 2349 379 2385; baseline -0.009 0"><span class='ocrx_word' id='word_1_301' title='bbox 270 2349 379 2385; x_wconf 87' lang='lat' dir='ltr'>bant.</span> 
     </span>
    </p>
   </div>
  </div>
 </body>
</html>
