1679 2553
202 115 250 152 26
756 128 858 163 ωνγ,
892 127 968 156 xxi,

146 236 188 267 23
200 222 250 258 ab
286 224 435 259 rectore
469 234 551 268 suo,
588 234 677 284 011111
715 221 977 279 refugientem
1013 223 1055 258 in
1093 234 1237 271 aquam
1275 226 1515 277 sequeretur,

147 294 186 322 20
199 288 361 335 nantem
380 284 547 321 traxisse
564 296 733 333 gregem,
755 287 800 320 ut
819 274 1012 335 quemque
1037 284 1242 321 timentem
1267 282 1516 321 altitudinem

199 327 430 383 destitueret
447 345 604 391 vadum,
632 346 783 394 impetu
811 345 893 393 ipso
922 345 1094 381 fluminis
1122 346 1162 381 in
1190 346 1357 382 alteiam
1389 346 1515 394 ripam

198 408 410 469 rapiente.
447 408 480 443 6.
511 407 693 443 Ceterum
723 407 847 455 magis
880 410 1036 443 constat
1062 407 1215 443 ratibus
1242 402 1449 454 traiectos5
1477 408 1516 444 id

199 473 245 505 ut
275 453 410 505 tutius
434 469 639 505 consilium
668 471 762 504 ante
793 480 875 504 rem
904 467 1019 514 foret,
1047 469 1104 504 ita
1131 472 1222 505 acta
1250 481 1292 505 re
1324 469 1373 505 ad
1402 436 1515 505 fidem

199 530 357 580 pronius
376 534 445 567 est.
504 530 538 567 7.
568 530 713 566 Ratem
732 542 853 565 unam
874 529 1061 566 ducentos
1080 528 1257 591 longxam
1258 530 1381 579 pedes
1404 531 1517 580 quin-

143 603 182 632 25
198 593 390 642 quaginta
408 593 532 628 latam
560 605 584 628 a
611 596 720 628 terra
747 591 789 627 in
818 603 974 627 amnem
1007 595 1278 640 porrexerunt
1309 604 1440 641 quam,
1469 605 1518 629 ne

197 654 366 691 secunda
390 667 495 704 aqua
524 653 754 699 deferretur,
783 652 961 702 plmibus
980 653 1120 689 validis
1147 653 1376 690 retinaculis
1403 659 1517 709 parte

198 717 396 766 superiore
427 716 536 767 ripae
568 715 776 763 religatam
833 714 937 750 ontis
966 714 1007 750 in
1044 702 1346 779 modum'xhumo
1374 716 1517 753 iniecta

197 782 380 815 constlax
383 781 511 822 ciunt,
532 781 577 813 ut
597 777 735 812 beluae
763 727 952 812 argaeum
978 776 1087 812 velut
1116 789 1183 824 per
1202 759 1325 813 80111111
1345 777 1517 826 ingr-ede

197 844 348 876 rentur.
405 840 439 876 8.
469 838 613 875 Altera
649 838 749 874 ratis
776 849 899 886 aeque
927 837 1023 882 lata,
1054 837 1172 886 longa
1202 839 1318 887 pedes
1345 845 1516 886 centum,

142 910 180 940 30
197 902 246 938 ad
264 901 526 938 traiciendum
546 901 693 937 fiumen
713 903 820 948 apta,
842 898 934 935 huic
954 899 1135 948 copulata
1156 904 1213 935 est
1227 913 1237 946 3
1277 901 1310 937 9.
1339 904 1426 937 tum
1446 901 1519 938 ele-

197 963 340 1014 phanti
358 976 427 1012 per
445 962 624 999 stabilem
644 965 773 997 ratem
792 966 998 1010 tamquam
1020 961 1126 997 viam
1155 962 1518 1010 praegredientibus

198 1026 353 1063 feminis
373 1024 464 1072 acti,
493 1024 561 1060 ubi
588 1023 630 1059 in
658 1023 848 1064 minorem
877 1023 1115 1071 applicatam
1147 1018 1382 1072 transgressi
1409 1029 1514 1071 sunt,
1559 1029 1563 1033 ’

197 1087 393 1136 extemplo
429 1085 622 1130 resolutis,
661 1085 803 1138 qui—bus
838 1084 979 1120 leviter
1016 1084 1170 1121 adnexa
1207 1089 1305 1131 erat,
1340 1085 1516 1132 vinculis,

197 1149 248 1186 ab
267 1149 455 1186 actuariis
474 1148 624 1196 aliquot
642 1146 810 1183 navibus
837 1146 885 1182 ad
906 1146 1074 1183 alteram
1103 1147 1230 1195 ripam
1260 1147 1515 1195 pertrahitur.

142 1218 180 1247 35
200 1213 259 1248 10.
291 1212 357 1248 Ita
375 1209 511 1260 primis
529 1209 714 1258 expositis
733 1208 801 1244 alii
819 1208 956 1245 deinde
975 1209 1132 1257 repetiti
1153 1221 1198 1245 ac
1224 1209 1381 1245 traiecti
1409 1213 1515 1246 sunt.

197 1273 309 1310 Nihil
328 1286 422 1310 sane
440 1271 708 1320 trepidabant,
728 1271 847 1307 donec
865 1266 1085 1368 Qntinenti
1104 1270 1213 1307 velut
1231 1262 1518 1322 pontelageren-

197 1341 287 1379 tur3
316 1335 466 1384 primus
485 1338 572 1370 erat
592 1346 724 1384 pavor,
745 1345 833 1369 cum
852 1345 892 1368 80
910 1336 981 1368 uta
1000 1333 1051 1368 ab
1070 1333 1207 1380 ceteris
1224 1338 1312 1369 rate
1330 1333 1371 1369 in
1391 1333 1518 1371 altum

196 1401 445 1447 rxaperentm
505 1396 563 1431 11.
595 1395 657 1430 Ibi
677 1398 861 1442 urtrentes
880 1394 985 1430 inter
1009 1406 1060 1439 se,
1081 1393 1308 1431 cedentibus
1334 1394 1519 1431 extremis

197 1460 248 1496 ab
276 1471 392 1507 aqua,
420 1456 693 1506 trepidationis
719 1456 978 1504 aliquantum
996 1455 1178 1504 edebant,
1200 1455 1319 1491 donce
1346 1457 1518 1509 quietem

142 1534 182 1563 40
197 1522 278 1571 ipse
296 1521 414 1557 timor
429 1518 846 1566 circumspectantibus
864 1530 1008 1566 aquam
1028 1517 1192 1555 fecisset.
1253 1518 1310 1554 12.
1332 1517 1519 1555 Excidere

197 1583 316 1620 etiam
334 1581 551 1621 saevientes
569 1580 729 1629 quidam
749 1579 791 1615 in
813 1579 970 1624 fiumen,
992 1578 1057 1615 sed
1076 1579 1273 1627 pondere'
1264 1592 1346 1628 ipso
1360 1579 1519 1616 stabiles

198 1644 354 1681 deiectis
380 1643 595 1679 rectoribus
625 1641 857 1691 quaerendis
893 1641 1134 1691 pedetentim
1164 1641 1274 1678 vadis
1300 1641 1342 1677 in
1368 1645 1516 1678 terram

198 1719 366 1744 evaSOI‘O.

143 1826 185 1856 29
250 1825 389 1863 XXIX.
422 1827 529 1863 Dum
565 1824 766 1874 elephanti
810 1823 1064 1870 traiciuntur,
1111 1824 1271 1860 interim
1310 1823 1519 1860 Hannibal

197 1888 393 1925 Numidas
428 1887 579 1936 equites
614 1886 851 1935 quingentos
887 1885 938 1921 ad
973 1889 1104 1922 castra
1141 1885 1325 1922 Romana
1357 1885 1518 1921 miserat

197 1950 453 2000 speculatum,
474 1950 542 1986 ubi
568 1953 608 1986 et
634 1952 810 1998 quantae
837 1948 969 1996 copiae
997 1951 1125 1984 essent
1143 1952 1184 1984 et
1203 1947 1297 1996 quid
1315 1951 1516 1996 pararent.

199 2013 234 2049 2.
264 2012 371 2048 Huic
401 2011 488 2048 alae
518 2011 697 2060 equitum
727 2010 845 2056 missi,
866 2014 912 2045 ut
943 2013 1037 2045 ante
1070 2009 1217 2045 dictum
1245 2012 1315 2055 est,
1344 2009 1396 2045 ab
1422 2009 1519 2045 ostio

167 2075 184 2104 5
200 2073 383 2111 Rhodani
404 2072 572 2110 trecenti
591 2072 863 2108 Romanorum
882 2070 1033 2120 equites
1053 2074 1276 2107 occurrunt.
1334 2070 1368 2107 3.
1398 2069 1514 2107 Proe-

199 2135 295 2171 lium
314 2135 485 2172 atrocius
512 2147 631 2183 quam
660 2147 731 2182 pro
759 2145 924 2169 numero
954 2132 1220 2182 pugnantium
1243 2131 1397 2178 editur3
1425 2144 1518 2168 nam

200 2200 357 2246 praeter
388 2196 516 2232 multa
546 2196 711 2232 vulnera
740 2194 875 2231 caedes
906 2194 1024 2230 etiam
1063 2206 1183 2242 prope
1219 2205 1291 2241 par
1320 2193 1519 2242 utrimque

199 2259 290 2304 fuit,
311 2258 484 2307 fugaque
503 2262 543 2294 et
562 2271 684 2307 pavor
702 2256 969 2294 Numidarum
989 2255 1180 2292 Romanis
1206 2255 1286 2291 iam
1309 2254 1517 2291 admodum

200 2319 311 2358 fessis
338 2319 543 2357 victoriam
570 2320 687 2356 dedit.
743 2319 924 2356 Victores
951 2317 1001 2355 ad
1027 2321 1184 2355 centum
1212 2316 1429 2365 sexaginta,
1449 2329 1519 2359 nec
