1679 2553
589 154 653 179 cn.
684 153 843 187 xxxin„
873 152 1006 179 XXXIV.
1409 141 1453 177 31

140 250 187 283 ut
215 246 513 295 trepidationem
542 245 584 282 in
616 245 808 293 angustiis
835 257 981 294 suoque
1008 244 1135 293 ipsum
1170 244 1344 280 tumultu
1373 245 1509 283 mis-33

141 308 217 345 ceri
245 321 387 357 agmen
421 308 565 352 videre,
603 307 712 355 equis
748 307 920 342 maxime
964 306 1234 351 consternatis,
1273 305 1460 354 quidquid

141 370 371 407 adiecissent
389 369 462 419 ipsi
480 369 652 415 terroris,
673 368 768 404 satis
788 368 837 404 ad
858 367 1067 416 perniciem
1087 367 1170 403 fore
1189 368 1277 413 rati,
1300 368 1460 404 diversis

140 432 304 481 rupibus
331 431 443 468 iuxta
462 430 504 466 in
523 430 606 466 vias
624 442 670 465 ac
698 429 809 465 devia
827 429 981 465 adsueti
1013 429 1237 467 decurrunt.
1296 430 1329 465 5.
1360 429 1510 466 Tumlo

141 506 233 529 vero
251 493 366 529 simul
396 493 446 528 ab
475 492 651 528 hostibus
681 491 797 528 simul
829 492 878 527 ab
908 491 1120 538 iniquitate
1139 490 1309 526 locorum
1341 490 1461 526 Poeni

141 554 486 604 oppugnabantur,
504 553 668 601 plusque
687 552 792 588 inter
810 553 924 601 ipsos,
937 552 1012 588 sibi
1030 564 1182 600 quoque
1202 552 1399 596 tendente,
1416 556 1462 587 ut

142 615 312 665 periculo
324 615 473 663 primus
485 615 679 658 evaderet,
695 626 815 662 quam
830 626 918 650 cum
933 613 1110 649 hostibus
1123 613 1348 649 certaminis
1363 617 1459 649 erat.

145 679 177 716 6.
202 677 303 726 Equi
318 677 487 712 maxime
505 675 694 712 infestum
714 688 854 724 agmen
866 675 1077 721 faciebant,
1096 674 1164 723 qui
1175 678 1216 710 et
1229 674 1465 710 clamoribus

143 739 313 784 dissoniS,
333 751 428 787 quos
446 751 606 774 nemora
634 739 751 775 etiam
770 749 1094 787 repercussaeque
1113 735 1233 772 valles
1251 736 1460 785 augebant,
1476 744 1513 772 15

142 798 273 834 territi
286 799 552 848 trepidabant,
573 802 612 834 et
630 799 698 835 icti
716 799 818 835 forte
837 802 908 834 aut
920 797 1118 833 vulnerati
1136 797 1231 833 adeo
1243 801 1464 833 consterna-

144 860 303 905 bantur,
323 863 370 895 ut
388 863 557 907 stragem
581 859 780 908 ingentem
800 858 915 895 simul
933 858 1136 894 hominum
1157 871 1202 894 ac
1219 858 1463 894 sarcinarum

143 920 269 956 omnis
299 920 451 968 generis
479 920 673 957 facerent:
733 920 767 956 7.
797 919 1020 968 multosque
1048 919 1179 965 turba,
1199 932 1287 955 cum
1320 920 1465 968 praeci-

145 981 246 1029 pites
264 981 529 1029 deruptaeque
558 981 757 1030 utrimque
790 981 998 1030 angustiae
1017 983 1160 1026 essent,
1181 980 1222 1016 in
1242 980 1465 1017 inmensum

144 1041 365 1078 altitudinis
384 1042 531 1087 deiecit,
552 1043 740 1091 quosdam
759 1046 799 1079 et
818 1046 992 1078 armatos
1006 1055 1016 1089 3
1044 1042 1110 1077 sed
1130 1043 1268 1078 ruinae
1298 1043 1466 1079 maxime
1478 1051 1516 1079 20

145 1103 256 1140 modo
274 1104 453 1140 iumenta
471 1117 559 1140 cum
578 1104 760 1140 oneribus
775 1103 1094 1140 devolvebantur.
1151 1105 1185 1140 8.
1207 1104 1317 1147 Quae
1332 1117 1466 1152 quam-

146 1177 265 1214 quam
292 1164 405 1201 foeda
424 1165 509 1201 visu
528 1170 655 1210 erant,
676 1165 790 1202 stetit
809 1177 1022 1214 parumper
1043 1169 1177 1201 tamen
1200 1166 1401 1201 Hannibal
1423 1179 1466 1202 ac

145 1240 233 1263 suos
261 1226 469 1272 continuit,
489 1239 538 1262 ne
565 1227 784 1263 tumultum
813 1240 858 1263 ac
876 1227 1176 1275 trepidationem
1199 1231 1372 1275 augeret.
1431 1228 1464 1264 9.

148 1288 309 1335 Deinde,
342 1292 549 1337 postquam
587 1289 823 1338 interrumpi
859 1300 1001 1336 agmen
1038 1288 1137 1325 vidit
1174 1289 1468 1338 periculumque

146 1363 238 1396 esse,
272 1363 320 1387 ne
347 1353 510 1386 exutum
530 1350 806 1399 inpedimentis
824 1350 1039 1386 exercitum
1067 1350 1307 1399 nequiquam
1326 1351 1467 1387 incolu-
1481 1355 1520 1384 25

147 1424 249 1448 mem
277 1411 530 1458 traduxisset,
551 1412 722 1448 decurrit
741 1424 789 1448 ex
817 1411 1015 1461 superiore
1036 1411 1127 1457 loco,
1149 1415 1189 1448 et
1208 1425 1296 1449 cum
1316 1413 1466 1462 impetu

146 1473 229 1523 ipso
246 1473 408 1510 fudisset
427 1474 590 1519 hostem,
610 1474 689 1510 suis
707 1487 860 1522 quoque
879 1473 1097 1510 tumultum
1118 1474 1241 1512 auxit.
1302 1475 1360 1511 10.
1393 1475 1467 1511 Sed

147 1536 180 1571 is
206 1535 404 1571 tumultus
432 1539 628 1572 momento
657 1535 852 1584 temporis,
883 1539 1091 1584 postquam
1122 1536 1290 1573 liberata
1323 1536 1467 1573 itinera

148 1596 244 1645 fuga
263 1600 543 1633 montanorum
571 1600 698 1643 erant,
719 1597 904 1643 sedatur,
933 1610 1002 1633 nec
1021 1610 1091 1645 per
1119 1598 1243 1634 otium
1263 1598 1376 1634 modo
1403 1599 1468 1635 sed

148 1670 266 1707 prope
302 1658 455 1695 silentio
491 1670 582 1695 mox
617 1671 750 1695 omnes
786 1658 971 1695 traducti.
1032 1659 1089 1697 11.
1121 1659 1335 1696 Castellum
1365 1660 1467 1707 inde,
1482 1668 1521 1697 30

148 1719 250 1768 quod
268 1723 389 1768 caput
407 1720 490 1757 eius
509 1721 676 1769 regionis
695 1724 794 1765 erat,
815 1720 1038 1769 viculosque
1065 1721 1331 1757 circumiectos
1349 1722 1466 1770 capit,

148 1784 189 1817 et
207 1781 361 1829 captivo
388 1781 471 1818 cibo
499 1794 543 1817 ac
570 1781 771 1830 pecoribus
801 1794 869 1829 per
896 1782 1073 1818 triduum
1101 1783 1316 1819 exercitum
1344 1783 1467 1830 aluit,

148 1846 190 1879 et
216 1842 308 1891 quia
344 1854 415 1878 nec
451 1855 475 1878 a
503 1843 704 1879 montanis
734 1843 859 1892 primo
895 1843 1082 1893 perculsis
1109 1856 1180 1880 nec
1208 1845 1289 1881 loco
1326 1857 1469 1894 magno

149 1916 264 1952 opere
281 1903 597 1953 inpediebantur,
618 1905 868 1953 aliquantum
887 1918 931 1941 eo
950 1906 1082 1942 triduo
1103 1906 1190 1943 viae
1209 1905 1386 1942 confecit.

200 2022 379 2062 XXXIV.
409 2025 649 2062 Perventum
668 2025 758 2063 inde
769 2025 820 2062 ad
838 2026 1085 2074 frequentem
1100 2026 1315 2063 cultoribus
1333 2026 1467 2074 alium,
1481 2028 1524 2059 34

150 2089 196 2122 ut
231 2086 337 2122 inter
373 2090 593 2132 montanos,
630 2087 830 2136 populum.
897 2087 961 2124 Ibi
997 2100 1075 2124 non
1104 2087 1205 2125 bello
1240 2093 1378 2137 aperto
1404 2088 1469 2125 sed

151 2147 229 2183 suis
256 2147 419 2194 artibus,
459 2148 598 2185 fraude
634 2152 674 2184 et
710 2148 874 2195 insidiis,
913 2153 972 2185 est
1010 2162 1129 2199 prope
1166 2150 1464 2190 circumventus.

153 2209 187 2246 2.
217 2208 367 2258 Magno
386 2213 486 2246 natu
515 2209 708 2259 principes
735 2210 986 2247 castellorum
1014 2215 1190 2248 oratores
1217 2211 1267 2248 ad
1295 2212 1470 2248 Poenum

151 2270 328 2316 veniunt,
367 2270 505 2307 alienis
542 2271 666 2317 malis,
700 2271 791 2307 utili
827 2271 1014 2320 exemplo,
1047 2272 1178 2308 doctos
1207 2277 1501 2313 memorantes5

151 2332 366 2368 amicitiam
387 2333 506 2369 malle
525 2346 645 2382 quam
666 2332 745 2370 vim
773 2328 946 2383 experiri*
970 2333 1191 2370 Poenorum
1203 2347 1216 2381 3
1272 2335 1306 2372 3.
1335 2334 1471 2384 itaque
