1679 2553
635 141 700 168 cn.
731 141 854 176 xnx„
884 141 972 168 xxx.
1417 132 1464 170 27

145 246 280 272 omnes
311 233 491 280 Romani,
523 233 588 269 sed
617 245 709 282 pars
738 231 954 278 Gallorum,
986 233 1081 269 victi
1110 234 1279 281 amplius
1308 234 1466 271 ducenti
1483 247 1525 277 29

145 296 379 332 ceciderunt.
437 295 471 331 4.
503 295 590 331 Hoc
626 294 862 343 principium
898 294 1014 330 simul
1051 307 1243 345 omenque
1287 296 1378 332 belli
1420 301 1466 333 ut
1485 302 1521 331 ll

145 369 320 394 summae
339 369 471 393 rerum
489 368 718 405 prosperum
737 359 936 402 eventum,
956 356 1014 392 ita
1043 356 1151 393 haud
1169 370 1261 394 sane
1289 358 1462 395 incruen-

146 422 230 455 tam
258 418 517 467 ancipitisque
545 417 771 454 certaminis
799 416 1003 453 victoriam
1032 417 1224 455 Romanis
1251 420 1463 468 portendit.

147 481 181 517 5.
212 479 272 517 Ut
291 492 334 517 re
360 480 418 516 ita
445 483 556 528 gesta
583 479 633 516 ad
661 476 874 528 utrumque
902 480 1038 516 ducem
1065 480 1126 517 sui
1152 481 1366 527 redierunt,
1396 495 1466 519 nec

148 528 316 590 Scipioni
330 533 441 578 'stare
455 541 650 578 sententia
664 544 835 590 poterat,
851 541 925 577 nisi
941 545 985 577 ut
1000 554 1049 578 ex
1062 542 1230 579 consiliis
1244 544 1466 594 coeptisque
1481 552 1518 581 15

145 603 266 640 hostis
284 606 324 640 et
342 603 422 652 ipse
437 606 600 657 conatus
614 606 783 652 caperet,
822 602 893 654 (6.)
913 607 952 640 et
969 604 1238 641 Hannibalem
1258 603 1464 652 incertum,

146 668 281 701 utrum
308 668 488 714 coeptum
516 665 558 700 in
587 665 752 701 Italiam
779 665 1002 701 intenderet
1029 666 1116 711 iter,
1138 679 1190 702 an
1209 680 1298 703 cum
1321 681 1377 714 eo,
1398 669 1465 718 qui

145 727 294 777 primus
312 739 352 763 se
371 727 575 763 obtulisset
605 727 809 763 Romanus
836 728 1041 774 exercitus,
1071 741 1213 765 manus
1231 735 1463 777 consereret,

145 789 292 824 avertit
310 801 335 824 a
351 789 550 839 praesenti
568 788 784 825 certamine
807 789 993 825 Boiorum
1021 789 1243 847 legatorum
1263 792 1465 841 regulique

146 849 295 899 Magali
314 850 519 897 adventus,
539 850 606 899 qui
633 862 673 886 se
700 849 815 887 duces
841 850 1042 897 itinerum,
1063 852 1181 888 socios
1200 853 1363 901 periculi
1383 854 1464 891 fore
1477 860 1517 890 ‘20

144 911 398 948 adfirmantes
442 912 596 961 integro
632 912 745 957 bello,
784 925 978 961 nusquam
1016 917 1110 949 ante
1147 914 1280 951 libatis
1317 916 1465 953 viribus

145 973 307 1009 Italiam
327 973 631 1021 adgrediendam
651 977 822 1011 censent.
881 975 915 1013 7.
947 975 1166 1011 Multitudo
1195 977 1362 1013 timebat
1381 979 1463 1027 qui-

145 1034 232 1071 dem
262 1035 413 1071 hostem
441 1034 615 1071 nondum
644 1035 873 1072 oblitterata
907 1037 1094 1073 memoria
1122 1039 1331 1086 superioris
1360 1040 1461 1089 belli,

142 1096 208 1133 sed
253 1097 376 1145 magis
416 1097 757 1145 iter—&mensum
799 1098 1002 1146 Alpisque,
1046 1111 1129 1135 rem
1172 1099 1280 1136 fama
1327 1102 1463 1151 utique

142 1158 356 1207 inexpertis
376 1158 626 1205 horrendam,
646 1159 876 1207 metuebat„
1477 1168 1516 1197 25

829 1208 941 1236 Q-

194 1277 313 1316 XXX.
344 1279 486 1328 Itaque
516 1279 735 1324 Hannibal,
766 1283 973 1329 postquam
1010 1281 1084 1331 ipsi
1120 1284 1318 1320 sententia
1351 1285 1462 1322 stetit
1478 1294 1518 1324 30

142 1353 302 1390 pergere
328 1341 385 1377 ire
412 1344 532 1389 atque
561 1341 724 1377 Italiam
753 1345 896 1390 petere,
927 1342 1322 1395 advocatasscontione
1353 1348 1461 1383 varic

141 1402 311 1439 militum
325 1406 456 1439 versat
470 1403 622 1440 animos
635 1402 862 1453 castigando
875 1405 1198 1455 adhortandoque
1214 1422 1221 1445 ε
1272 1408 1304 1444 2.
1326 1409 1460 1445 mirari

140 1477 192 1511 se,
212 1464 375 1513 quinam
395 1469 552 1513 pectora
571 1477 723 1514 semper
741 1466 940 1515 impavida
954 1480 1092 1516 repens
1110 1471 1239 1505 terror
1257 1469 1459 1508 invaserit.

140 1525 216 1562 Per
251 1529 313 1562 tot
344 1539 468 1562 annos
498 1526 689 1563 vincentis
718 1539 782 1564 eos
810 1528 1005 1577 stipendia
1038 1528 1177 1576 facere,
1208 1544 1335 1580 neque
1367 1537 1493 1571 ante5

140 1587 334 1637 Hispania
353 1589 565 1634 excessisse,
586 1601 707 1637 quam
732 1602 865 1626 omnes
893 1594 1104 1640 gentesque
1132 1596 1172 1629 et
1199 1597 1342 1640 terrae,
1363 1607 1461 1644 quas

138 1649 213 1686 duo
255 1649 407 1686 diversa
453 1650 578 1687 maria
625 1651 930 1701 amplectantur,
969 1653 1357 1703 Carthaginiensium
1404 1670 1458 1694 es-

137 1714 236 1748 sent.
294 1712 327 1748 3.
369 1711 601 1761 Indignatos
632 1712 780 1760 deinde,
815 1713 929 1763 quod,
967 1715 1202 1765 quicumque
1236 1717 1460 1766 Saguntum

137 1772 385 1818 obsedissent,
421 1774 530 1810 velut
561 1775 609 1811 ob
642 1788 787 1812 noxam
819 1776 893 1813 sibi
922 1777 1009 1813 dedi
1046 1778 1264 1826 postularet
1293 1781 1460 1830 populus

138 1834 352 1880 Romanus,
376 1836 571 1872 Hiberum
590 1838 788 1874 traiecisse
817 1838 866 1874 ad
895 1838 1103 1876 delendum
1124 1854 1265 1877 nomen
1287 1842 1458 1880 Roman-
1475 1848 1513 1877 10

136 1908 248 1932 orum
286 1896 609 1947 liberandumque
645 1900 779 1936 orbem
817 1904 1029 1939 terrarum.
1104 1904 1138 1941 4.
1171 1903 1271 1939 Tum
1309 1905 1458 1942 nemini

135 1958 262 1994 visum
281 1958 320 1994 id
339 1959 512 2008 longum,
532 1972 620 1996 cum
641 1961 691 1997 ab
711 1974 845 1998 occasu
860 1962 948 1999 solis
960 1963 1010 1999 ad
1029 1969 1187 2001 exortus
1205 1964 1458 2004 intenderent

135 2020 233 2066 iter;
289 2020 323 2056 5.
354 2033 468 2066 nunc,
500 2026 708 2071 postquam
740 2024 866 2060 multo
897 2025 1085 2062 maiorem
1118 2030 1272 2075 partem
1305 2028 1458 2066 itineris

135 2093 330 2118 emensam
365 2086 541 2129 cernant,
582 2083 831 2133 Pyrenaeum
867 2086 1015 2123 saltum
1052 2087 1159 2124 inter
1197 2087 1459 2127 ferocissimas

134 2146 269 2191 gentes
297 2148 539 2192 superatum,
570 2144 820 2194 Rhodanum,
840 2151 1001 2185 tantum
1030 2162 1199 2197 amnem,
1218 2153 1280 2187 tot
1299 2151 1457 2189 milibus
1474 2160 1510 2189 15

133 2203 337 2241 Gallorum
370 2205 680 2255 prohibentibus,
712 2208 860 2246 domita
892 2210 1014 2247 etiam
1047 2211 1169 2260 ipsius
1205 2212 1379 2250 fluminis
1416 2213 1456 2250 vi

132 2265 354 2312 traiectum,
387 2267 429 2303 in
465 2273 673 2317 conspectu
707 2269 821 2320 Alpis
860 2271 1045 2320 habeant,
1074 2286 1245 2322 quarum
1282 2275 1454 2313 alterum

134 2326 239 2364 latus
281 2328 424 2369 Italiae
460 2329 524 2376 sit,
554 2329 625 2380 (6.)
653 2331 694 2367 in
731 2331 823 2381 ipsis
869 2334 992 2382 portis
1033 2335 1205 2372 hostium
1260 2335 1453 2387 fatigatos
