1679 2553
113 271 154 300 38

115 325 151 355 11

114 570 151 600 15

108 876 148 906 20

107 1181 146 1210 25

111 1863 148 1893 10

111 2167 148 2197 15

182 145 231 189 34
735 163 841 199 mvr,
870 163 950 190 xn.

181 256 282 292 circa
300 267 371 292 nec
400 256 497 292 trita
517 261 636 293 antea
665 257 844 305 quamvis
874 256 990 305 longo
1018 258 1167 293 ambifu
1197 257 1501 296 circumduceret

180 330 334 367 agmen.
410 318 443 354 5.
475 318 533 354 Ea
571 331 661 354 vero
696 318 757 354 via
793 319 1114 368 inexsuperabilis
1146 320 1250 367 fuit5
1287 333 1380 356 nam
1412 332 1502 357 cum

180 391 296 428 super
332 382 507 415 veterem
539 379 670 416 nivem
707 379 899 416 intactam
929 392 1029 417 nova
1068 380 1240 417 modicae
1277 381 1501 418 altitudinis

181 444 292 487 esset,
314 440 421 477 molli
440 452 510 476 nec
528 440 730 490 praealtae
750 439 863 477 facile
882 440 996 489 pedes
1014 441 1319 490 ingredientium
1349 442 1501 479 insiste-

183 504 303 548 bant3
362 503 396 539 6.
426 506 473 538 ut
510 515 601 539 vero
638 506 699 539 101
737 503 939 539 hominum
976 504 1322 553 iumentorumque
1349 503 1500 541 incessu

180 564 332 612 dilapsa
360 567 429 611 est,
461 576 530 613 per
559 564 707 601 nudam
739 564 846 601 infra
876 565 1042 614 glaciem
1074 565 1342 615 fluentemque
1369 565 1501 603 tabem

179 625 428 674 liquescentis
465 625 566 662 nivis
602 625 938 674 ingrediebantur.
1014 626 1047 663 7.
1078 627 1219 664 Taetra
1250 626 1306 664 ibi
1336 626 1501 664 luctatio

179 691 267 723 erat
299 687 447 723 lubrica
484 688 607 737 glacie
639 700 719 724 non
750 688 961 736 recipiente
993 688 1203 736 vestigium
1232 692 1273 725 et
1302 688 1346 725 in
1377 700 1501 738 prono

180 749 294 785 citius
331 749 446 798 pedes
475 748 652 796 fallente,
686 754 744 796 ut,
776 763 844 787 seu
876 750 1058 787 manibus
1087 750 1129 786 in
1159 749 1405 799 adsurgendo
1432 762 1500 788 seu

179 823 283 859 genu
301 823 341 847 se
368 811 623 857 adimissent,
642 811 736 860 ipsis
755 811 1003 848 adminiculis
1030 811 1219 861 prolapsis
1245 812 1391 849 iterum
1418 823 1499 849 eor—

179 876 340 909 ruerent
354 886 364 919 3
384 885 456 909 nec
474 872 614 921 stirpes
634 873 736 909 circa
757 872 966 919 radicesve,
987 873 1038 909 ad
1056 885 1155 922 quas
1173 872 1269 922 pede
1288 876 1360 910 aut
1378 886 1500 910 manu

178 934 386 983 quisquam
401 934 498 970 eniti
511 937 650 983 posset,
663 937 802 972 erant:
822 934 880 971 ita
893 935 935 971 in
947 934 1024 971 levi
1037 938 1200 972 tantum
1214 934 1335 984 glacie
1350 934 1501 972 tabida-

179 1008 252 1045 que
264 995 353 1033 nive
368 995 666 1034 volutabantur.
710 998 744 1035 8.
762 997 951 1033 Iumenta
963 997 1150 1034 secabant
1164 996 1364 1033 interdum
1379 990 1501 1034 etiam

178 1057 356 1094 infimam
382 1058 644 1107 ingredientia
672 1059 814 1105 nivem,
841 1062 881 1095 et
909 1057 1093 1109 prolapsa
1120 1058 1315 1095 iactandis
1341 1059 1502 1107 gravius

178 1120 219 1156 in
254 1119 460 1156 conitendo
493 1120 652 1169 ungulis
688 1121 845 1170 penitus
881 1120 1196 1170 perstingebant,
1230 1124 1277 1157 ut
1312 1120 1500 1170 pleraque

180 1180 285 1218 velut
304 1180 438 1230 pedica
457 1185 573 1231 capta
593 1181 803 1218 haererent
821 1182 864 1219 in
883 1181 983 1219 dura
1003 1185 1043 1219 et
1062 1181 1144 1218 alte
1161 1185 1343 1219 concreta
1361 1182 1495 1231 glacie.

230 1299 431 1337 XXXVII.
461 1301 636 1338 Tandem
656 1302 897 1351 nequiquam
916 1302 1102 1339 iumentis
1130 1305 1251 1350 atque
1270 1301 1494 1338 hominibus

177 1363 357 1412 fatigatis
375 1366 503 1399 castra
522 1363 564 1399 in
585 1363 675 1412 iugo
704 1363 842 1412 posita,
871 1363 1087 1412 aegerrime
1115 1362 1165 1399 ad
1192 1363 1231 1399 id
1259 1364 1388 1412 ipsum
1415 1363 1496 1400 loeo

177 1428 370 1473 purgat03
401 1428 564 1461 tantum
596 1424 698 1461 nivis
728 1424 954 1461 fodiendum
985 1428 1106 1473 atque
1139 1424 1376 1473 egerendum
1406 1424 1494 1463 fuit.

179 1487 213 1522 2.
243 1485 343 1522 Inde
375 1485 426 1522 ad
454 1499 592 1535 rupem
620 1486 889 1534 muniendam,
918 1498 988 1535 per
1016 1499 1137 1535 quam
1170 1499 1292 1523 unam
1328 1486 1392 1523 via
1418 1498 1498 1523 esse

177 1551 344 1597 poterat,
365 1548 510 1585 milites
529 1548 647 1594 ducti,
669 1561 758 1585 cum
786 1548 1024 1584 caedendum
1054 1552 1154 1585 esset
1173 1560 1325 1594 saxum,
1354 1548 1497 1584 arbori-

177 1610 249 1646 bus
267 1609 370 1646 circa
387 1610 614 1646 inmanibus
626 1610 783 1646 deiectis
798 1609 1118 1659 detruncatisque
1133 1613 1283 1647 struem
1298 1610 1496 1658 ingentem

176 1671 375 1720 lignorum
408 1671 562 1707 faciunt
591 1683 766 1720 eamque,
787 1683 876 1707 cum
906 1675 946 1708 et
973 1670 1032 1707 vis
1060 1671 1168 1708 venti
1197 1675 1293 1720 apta
1320 1670 1498 1708 faciendo

177 1733 259 1782 igni
279 1736 412 1769 coorta
431 1735 542 1779 esset,
564 1733 807 1769 succendunt
826 1733 1087 1782 ardentiaque
1114 1745 1210 1769 saxa
1228 1732 1361 1769 infuso
1388 1736 1496 1769 aceto

178 1793 461 1843 putrefaciunt.
518 1795 553 1832 3.
583 1794 651 1831 Ita
678 1794 868 1831 torridam
896 1795 1074 1831 incendio
1101 1807 1236 1844 rupem
1267 1793 1370 1831 ferro
1400 1807 1497 1843 pan-

177 1857 276 1892 dunt
295 1856 554 1906 molliuntque
572 1855 819 1893 anfractibus
837 1856 995 1892 modicis
1015 1856 1142 1902 clivos,
1163 1859 1300 1892 utnon
1318 1855 1496 1892 iumenta

175 1918 299 1954 solum
317 1918 385 1954 sed
404 1918 604 1968 elephanti
623 1919 743 1955 etiam
772 1918 907 1955 deduci
935 1922 1101 1966 possent.
1159 1918 1193 1954 4.
1223 1917 1496 1962 Quadriduum

176 1980 278 2016 circa
297 1992 435 2029 rupem
464 1983 740 2029 consumptum
758 1979 946 2016 iumentis
972 1992 1091 2029 prope
1117 1978 1224 2015 fame
1251 1978 1471 2028 absumptis
1484 1992 1494 2026 3

174 2041 280 2078 nuda
316 2042 421 2078 enim
464 2041 547 2078 fere
586 2041 790 2078 cacumina
827 2044 932 2087 sunt,
970 2044 1011 2077 et
1046 2041 1078 2077 si
1115 2040 1208 2090 quid
1251 2043 1311 2077 est
1347 2040 1493 2089 pabuli,

174 2102 349 2139 obruunt
367 2103 487 2140 nives.
546 2104 578 2141 5.
610 2103 808 2140 Inferiore,
827 2103 949 2139 valles
968 2102 1197 2152 apricosque
1215 2102 1328 2138 colles
1347 2101 1494 2138 habent

173 2165 352 2213 rivosque
384 2176 503 2213 prope
532 2164 650 2201 silvas
676 2168 717 2201 et
743 2165 824 2200 iam
851 2163 1026 2200 humano
1053 2163 1163 2200 cultu
1193 2163 1370 2212 digniora
1397 2162 1491 2199 loca.

175 2226 209 2263 6.
240 2226 304 2263 Ibi
323 2226 502 2262 iumenta
522 2226 563 2262 in
581 2225 774 2276 pabulum
793 2225 923 2272 missa,
943 2228 984 2262 et
1010 2225 1119 2275 quies
1145 2225 1356 2262 muniendo
1382 2223 1493 2261 fessis

173 2287 395 2324 hominibus
414 2287 519 2325 data.
577 2287 721 2324 Triduo
740 2286 831 2324 inde
849 2286 900 2323 ad
918 2286 1082 2335 planum
1101 2286 1327 2323 descensum
1345 2285 1424 2323 iam
1452 2288 1493 2323 et

170 2348 262 2385 loeis
281 2348 522 2385 mollioribus
541 2352 581 2386 et
600 2349 818 2385 accolarum
837 2348 1014 2398 ingeniis.
