1679 2553
205 134 254 172 58
756 150 858 186 tm,
888 151 968 178 111.

140 247 179 279 61
201 248 271 286 per
306 251 432 288 agros,
466 239 568 288 quod
597 239 720 277 ferme
747 241 804 287 fit,
838 245 885 278 ut
916 242 1110 279 secundae
1137 255 1200 280 res
1227 241 1524 291 neglegentiam

199 303 342 346 creent,
362 301 492 349 equite
511 301 653 350 passim
673 301 826 339 dimisso
845 315 933 339 cum
952 316 1094 352 magna
1113 302 1241 350 caedo,
1265 302 1413 339 maiore
1426 300 1526 351 fuga

199 360 247 396 ad
278 373 400 398 naves
436 362 631 410 conpellit.
689 364 722 400 3.
753 363 837 401 Neo
870 364 1020 401 diutius
1051 365 1152 402 circa
1184 378 1230 402 ea
1263 365 1346 402 loca
1374 366 1519 403 morari

139 439 177 468 10
199 435 328 469 ausus,
362 436 412 460 ne
441 424 491 460 ab
526 423 702 473 Scipione
734 426 1034 475 opprimeretur,
1070 431 1182 464 trans
1214 428 1411 464 Hiberum
1440 440 1519 464 sese

133 743 170 772 15

126 1051 165 1081 20

123 1355 162 1385 25

121 1663 160 1693 30

119 1963 158 1993 35

117 2137 160 2169 62

197 484 355 533 recepit.
411 485 444 523 4.
477 485 531 522 Et
552 486 677 535 Scipio
695 488 842 536 raptim
869 488 920 524 ad
949 487 1099 525 famam
1127 501 1317 526 novorum
1345 489 1516 526 hostium

196 549 353 597 agmine
371 553 471 596 acto,
491 563 580 587 cum
599 551 640 587 in
668 564 810 600 paucos
838 551 1056 601 praefectos
1084 553 1247 590 navium
1274 553 1517 591 animadver-

195 610 319 657 tisset,
356 611 547 659 praesidio
583 612 802 650 Tarracone
839 614 987 651 modico
1024 614 1157 651 relicto
1195 615 1402 663 Emporias
1429 628 1517 652 cum

195 671 314 709 classe
331 672 458 709 rediit.
514 674 549 710 5.
580 673 756 711 Vixdum
775 674 943 723 digresso
972 688 1016 712 eo
1044 676 1273 713 Hasdrubal
1300 676 1449 722 aderat,
1477 680 1518 713 et

195 732 413 782 Ilergetum
442 733 597 783 populo,
631 735 697 784 qui
729 735 877 772 obsides
908 736 1078 784 Scipioni
1111 736 1282 783 dederat,
1316 736 1366 773 ad
1397 736 1517 774 defec-

194 794 342 830 tionem
353 795 518 843 inpulso,
535 807 625 831 cum
644 809 777 833 eorum
792 797 963 845 ipsorum
984 797 1193 834 iuventute
1213 810 1327 845 agros
1344 797 1516 834 fidelium

194 854 384 892 Romanis
402 856 592 893 sociorum
612 860 755 894 vastat.
815 858 849 894 6.
881 858 1019 895 Excito
1036 859 1174 895 deinde
1194 859 1372 907 Scipione
1390 859 1515 895 hiber-

193 917 253 954 nis
271 921 355 955 toto
367 918 419 955 cis
435 918 632 954 Hiberum
646 932 783 955 rursus
798 919 900 955 cedit
914 932 1018 968 agro.
1077 918 1111 957 7.
1133 920 1259 968 Scipio
1274 920 1452 956 relictam
1466 920 1516 957 ab

192 982 351 1016 auctore
370 979 600 1016 defectionis
618 980 834 1029 Ilergetum
865 985 1024 1030 gentem
1052 994 1140 1018 cum
1169 981 1312 1018 infesto
1341 981 1513 1018 exercitu

191 1039 409 1086 invasisset,
452 1040 646 1089 conpulsis
689 1041 871 1078 omnibus
915 1042 1172 1091 Atanagrum
1218 1042 1367 1087 urbem,
1415 1054 1516 1091 quae

192 1105 310 1150 caput
341 1102 424 1139 eius
460 1102 592 1152 populi
625 1106 724 1150 erat,
757 1103 1004 1140 circumsedit
1035 1103 1221 1153 intraque
1250 1103 1330 1141 dies
1361 1117 1514 1153 paucOS,

190 1162 369 1211 pluribus
396 1176 516 1212 quam
545 1167 638 1200 ante
665 1164 861 1201 obsidibus
889 1165 1104 1214 imperatis,
1134 1165 1324 1214 Ilergetes
1350 1165 1512 1214 pecunia

189 1224 312 1260 etiam
348 1224 537 1261 multatos
572 1224 615 1261 in
651 1225 712 1261 ius
749 1225 1014 1274 dicionemque
1050 1226 1206 1274 recepit.
1276 1226 1310 1263 8.
1342 1226 1442 1263 Inde
1472 1226 1512 1263 in

188 1285 414 1323 Ausetanos
440 1299 560 1335 prope
588 1286 798 1333 Hiberum,
827 1287 946 1323 socios
974 1290 1013 1323 et
1040 1286 1141 1335 ipsos
1170 1286 1401 1333 Poenorum,
1430 1298 1512 1335 pro-

188 1347 292 1384 cedit
309 1350 430 1397 atque
448 1348 545 1384 urbe
563 1360 699 1385 eorum
718 1348 870 1384 obsessa
887 1348 1105 1384 Lacetanos
1122 1348 1316 1384 auxilium
1336 1348 1514 1385 finitimis

187 1406 361 1445 ferentes
378 1412 491 1445 nocte
510 1408 618 1446 haud
644 1409 779 1457 procul
807 1409 887 1445 iam
916 1409 1023 1455 urbe,
1055 1421 1144 1445 cum
1173 1409 1326 1446 intrare
1353 1409 1512 1456 vellent,

186 1470 338 1519 excepit
356 1470 516 1506 insidiis.
574 1471 606 1508 9.
640 1470 763 1507 Caesa
783 1470 832 1506 ad
860 1470 1061 1507 duodecim
1093 1470 1203 1506 milia
1217 1483 1228 1517 3
1257 1471 1367 1507 exuti
1394 1483 1513 1520 prope

187 1543 321 1568 omnes
350 1532 470 1568 armis
503 1532 634 1568 domos
663 1532 807 1580 passim
839 1531 1020 1580 palantes
1057 1544 1124 1581 per
1160 1544 1275 1581 agros
1309 1531 1508 1581 diffugere.

187 1592 272 1629 Nec
289 1593 460 1630 obsessos
477 1593 556 1630 alia
576 1593 658 1629 ulla
678 1606 738 1630 res
757 1605 877 1642 quam
894 1594 1033 1642 iniqua
1051 1593 1370 1643 oppugnantibus
1387 1593 1512 1631 hiems

186 1655 409 1691 tutabatur.
482 1655 540 1692 10.
571 1654 753 1704 Triginta
790 1654 870 1691 dies
902 1654 1049 1691 obsidio
1079 1654 1170 1700 fuit,
1203 1667 1272 1704 per
1301 1667 1397 1704 quos
1424 1667 1516 1691 raro

186 1728 375 1765 umquam
407 1716 478 1752 nix
505 1715 636 1752 minus
669 1719 861 1765 quattuor
894 1715 1013 1764 pedes
1045 1716 1129 1752 alta
1157 1716 1306 1763 iacuit3
1344 1716 1515 1765 adeoque

185 1777 338 1825 pluteos
357 1789 403 1813 ac
422 1777 558 1813 vineas
576 1777 846 1813 Romanorum
877 1781 1098 1826 operuerat,
1120 1780 1166 1812 ut
1184 1789 1231 1813 ea
1259 1776 1340 1814 sola
1358 1777 1515 1826 ignibus

184 1838 420 1887 aliquotiens
455 1838 638 1875 coniectis
675 1838 726 1874 ab
763 1837 874 1875 hoste
911 1838 1032 1874 etiam
1069 1841 1342 1874 tutamentum
1379 1837 1513 1875 fuerit.

186 1900 244 1936 ll.
275 1899 488 1945 Postremo,
519 1911 607 1935 cum
635 1899 847 1936 Amusicus
880 1899 1058 1948 princeps
1089 1912 1224 1936 eorum
1257 1899 1308 1935 ad
1336 1899 1511 1936 Hasdru-

183 1961 311 1998 balem
337 1960 586 2010 profugisset,
615 1960 758 2010 viginti
786 1960 946 2010 argenti
971 1960 1134 1997 talentis
1164 1959 1271 2010 pacti
1299 1959 1510 1998 deduntur.

181 2022 442 2058 Tarraconem
460 2021 503 2058 in
521 2021 688 2058 hiberna
707 2021 879 2058 reditum
897 2023 970 2059 est.

233 2138 357 2177 LXII.
389 2142 539 2178 Romae
559 2144 630 2178 aut
648 2140 750 2178 circa
770 2141 909 2177 urbem
937 2140 1064 2177 multa.
1093 2153 1140 2177 ea
1174 2140 1303 2177 hieme
1332 2139 1510 2189 prodigia

178 2201 286 2238 facta
322 2206 406 2250 aut,
444 2202 549 2251 quod
586 2202 742 2239 evenire
775 2202 873 2239 solet
907 2202 1022 2238 motis
1053 2201 1172 2239 semel
1203 2201 1246 2238 in
1282 2200 1508 2250 religionem

180 2263 332 2311 animis,
352 2263 480 2300 multa
499 2264 689 2301 nuntiata
708 2267 748 2301 et
767 2267 914 2301 temere
934 2263 1083 2300 credita
1109 2266 1203 2300 sunt
1216 2276 1226 2310 ς
1284 2264 1318 2300 2.
1347 2263 1390 2299 in
1409 2262 1506 2311 quis,

179 2325 395 2375 ingenuum
413 2324 611 2362 infantem
630 2329 886 2362 semenstrem
904 2325 946 2361 in
974 2324 1058 2361 foro
1081 2324 1234 2361 olitorio
1257 2323 1504 2374 triumphum
