1679 2553
696 125 759 150 cn.
790 125 857 160 1x.,
886 124 923 151 x.
1443 113 1466 150 9

145 217 283 255 dixisse
301 231 352 264 se,
374 231 424 255 ne
441 217 682 255 Hamilcaris
697 217 923 267 progeniem
939 217 990 254 ad
1004 216 1220 254 exereitum
1236 215 1466 259 mitterent3
1483 224 1524 255 10

146 280 182 317 3.
210 292 289 316 non
318 292 464 326 manes,
484 292 563 316 non
591 279 754 328 stirpem
778 280 860 316 eius
888 279 1156 328 conquiescere
1180 277 1265 324 viri,
1286 289 1356 314 nee
1385 289 1467 314 um-

145 353 277 390 quam,
291 340 410 377 donec
422 340 627 389 sanguinis
639 341 882 390 nominisque
895 340 1052 376 Barcini
1065 339 1273 388 quisquam
1285 339 1466 387 supersit,

144 401 329 450 quietura
342 401 524 438 Romana
536 400 704 438 foedera.
747 401 780 438 4.
805 401 1026 437 “Iuvenem
1039 399 1275 449 fiagrantem
1288 398 1468 448 cupidine
1486 405 1524 435 10

144 462 257 511 regni
276 462 459 511 viamque
479 475 601 499 unam
630 463 680 498 ad
699 462 740 499 id
769 467 1005 508 cernentem,
1026 462 1058 498 si
1083 474 1132 498 ex
1155 460 1266 498 bellis
1289 460 1390 497 bella
1414 472 1468 497 se·

143 526 263 563 rendo
281 527 500 562 succinctus
519 526 639 562 armis
657 525 950 574 legionibusque
978 524 1098 570 vivat,
1125 523 1234 560 velut
1257 522 1468 559 materiam

143 587 226 636 igni
262 587 497 636 praebentes
527 587 577 623 ad
610 587 804 623 exercitus
836 586 1005 623 misistis.
1073 585 1243 622 Aluistis
1274 597 1364 634 ergo
1397 584 1468 621 hoc

143 648 378 693 incendium,
395 661 471 697 quo
486 661 590 684 nunc
610 648 765 684 ardetis.
825 648 858 684 5.
882 647 1105 696 Saguntum
1126 646 1247 683 vestri
1267 647 1468 682 circumse-

143 709 238 746 dent
268 711 470 756 exercitus,
500 710 603 746 unde
639 712 828 746 arcentur
857 709 1032 756 foedere3
1064 721 1155 746 mox
1185 708 1469 757 Carthaginem
1485 712 1522 741 15

143 771 478 808 circumsedebunt
512 771 713 807 Romanae
741 771 911 819 legiones
943 771 1104 807 ducibus
1136 769 1267 806 iisdem
1299 769 1367 816 dis,
1399 782 1469 819 per

144 844 239 880 quos
254 833 381 881 priore
396 832 496 869 bello
515 835 635 881 rupta
656 832 811 868 foedera
831 835 924 868 sunt
944 831 1030 868 ulti.
1089 832 1121 868 6.
1147 831 1297 868 Utrum
1316 831 1468 867 hostem

144 906 197 930 an
219 906 286 930 vos
311 906 363 930 an
386 893 591 930 fortunam
615 894 820 941 utriusque
844 893 977 941 populi
1005 893 1221 942 ignoratis?
1250 892 1400 941 legatos
1418 892 1468 928 ab

143 955 252 992 sociis
271 959 311 992 et
329 968 400 1004 pro
418 956 528 992 sociis
548 956 749 991 venientes
764 956 888 991 bonus
903 955 1119 1003 imperator
1136 957 1265 991 vester
1280 954 1322 990 in
1337 957 1468 991 castra

144 1029 223 1053 non
238 1016 407 1063 admisit,
421 1016 481 1052 ius
495 1016 673 1065 gentium
689 1015 850 1052 sustulit
864 1030 872 1058 ;
894 1015 934 1051 hi
949 1019 1097 1062 tamen,
1113 1016 1216 1052 unde
1231 1028 1280 1052 ne
1296 1015 1468 1051 hostium
1483 1017 1522 1046 20

143 1078 297 1127 quidem
323 1077 445 1127 legati
471 1081 669 1122 arcentur,
694 1077 795 1126 pulsi
819 1077 870 1113 ad
894 1090 963 1113 nos
989 1080 1207 1120 venerunt3
1237 1090 1298 1114 res
1321 1089 1368 1113 ex
1391 1076 1467 1113 foe-

143 1139 232 1176 dere
258 1143 466 1188 repetunt;
494 1142 541 1175 ut
567 1138 722 1187 publica
749 1139 859 1175 fraus
885 1139 1000 1185 absit,
1030 1143 1229 1175 auctorem
1259 1138 1398 1187 culpae
1427 1142 1468 1175 et

142 1213 254 1238 reum
282 1200 454 1237 criminis
480 1200 703 1249 deposcunt.
763 1200 796 1237 7.
827 1201 912 1244 Quo
933 1201 1058 1237 lenius
1077 1204 1214 1249 agunt,
1236 1200 1393 1249 segnius
1411 1200 1468 1237 in-

142 1262 305 1311 cipiunt,
321 1274 376 1308 eo,
390 1275 477 1299 cum
494 1262 704 1310 coeperint,
728 1274 862 1298 vereor
882 1275 930 1298 ne
944 1262 1262 1310 perseverantius
1275 1262 1464 1299 saeviant.

122 1334 126 1335 ⁷
142 1323 308 1373 Aegatis
326 1323 474 1360 insulas
494 1323 737 1372 Erycemque
757 1327 850 1359 ante
866 1323 994 1359 oeulos
1010 1323 1226 1372 proponite,
1243 1336 1343 1372 quae
1358 1327 1466 1360 terra
1480 1329 1519 1358 25

143 1386 320 1434 marique
348 1398 417 1434 per
445 1389 636 1434 quattuor
655 1388 694 1421 et
723 1385 862 1434 viginti
892 1397 1016 1421 annos
1044 1384 1146 1434 passi
1165 1385 1260 1422 sitis.
1318 1385 1353 1422 8.
1384 1384 1468 1421 Nec

144 1458 239 1494 puer
258 1446 319 1482 hic
339 1446 419 1482 dux
444 1450 542 1491 erat,
567 1446 634 1482 sed
659 1450 772 1494 pater
794 1446 875 1495 ipse
901 1446 1118 1492 Hamilcar,
1147 1446 1259 1482 Mars
1282 1446 1394 1493 alter,
1420 1450 1466 1483 ut

142 1507 206 1544 isti
228 1507 376 1544 volunt.
434 1507 510 1544 Sed
534 1507 719 1553 Tarento,
740 1506 779 1543 id
806 1511 865 1544 est
885 1507 1017 1553 Italia,
1046 1519 1123 1543 non
1148 1507 1467 1544 abstinueramus

141 1580 191 1605 ex
221 1568 386 1614 foedere,
419 1569 518 1605 sicut
538 1581 642 1604 nunc
663 1567 842 1617 Sagunto
871 1580 949 1604 non
979 1569 1232 1605 abstinemus,
1290 1570 1323 1606 9.
1354 1569 1467 1605 Vice-

142 1633 237 1666 runt
257 1642 347 1678 ergo
367 1629 406 1666 di
425 1629 614 1676 homines,
633 1633 672 1666 et
691 1629 742 1675 id,
762 1628 808 1665 de
828 1641 905 1678 quo
924 1630 1052 1666 verbis
1071 1630 1356 1679 ambigebatur,
1378 1635 1465 1667 uter
1480 1636 1520 1666 30

142 1691 307 1740 populus
326 1690 461 1727 foedus
480 1691 660 1739 rupisset,
677 1694 842 1728 eventus.
857 1690 948 1727 belli
964 1690 1072 1727 velut
1088 1703 1202 1727 aecus
1218 1691 1345 1737 iudex,
1363 1692 1466 1728 unde

141 1752 202 1789 ius
220 1752 365 1798 stabat,
386 1752 421 1788 ci
440 1752 643 1788 victoriam
663 1751 779 1788 dedit.
839 1751 898 1788 10.
929 1751 1163 1800 Carthagini
1185 1766 1291 1789 nunc
1311 1753 1466 1789 Hanni-

142 1813 206 1850 bal
233 1814 366 1849 vineas
400 1817 605 1861 turresque
632 1812 815 1848 admovet
829 1825 838 1858 ς
871 1812 1127 1862 Carthaginis
1155 1814 1307 1850 moenia
1333 1815 1466 1863 quatit

141 1876 284 1912 ariete:
319 1875 489 1923 Sagunti
520 1874 836 1911 ruinae—falsus
867 1875 1021 1911 utinam
1054 1879 1164 1912 vates
1195 1876 1466 1913 sim—nostris

141 1937 332 1985 capitibus
351 1936 537 1979 incident,
558 1940 860 1985 susceptumque
880 1949 968 1972 eum
989 1936 1218 1986 Saguntinis
1238 1938 1382 1974 bellum
1398 1938 1466 1975 ha·
1481 1945 1521 1975 35

141 1998 311 2035 bendum
327 2011 414 2034 cum
432 1998 621 2034 Romanis
636 2002 705 2034 est.
765 1998 824 2034 11.
847 1997 1044 2035 Dedemus
1058 2010 1149 2048 ergo
1170 1999 1465 2037 Hannibalem?

141 2060 240 2097 dicet
278 2049 428 2109 aliquia
488 2060 572 2096 Scio
604 2073 732 2097 meam
770 2060 894 2096 levem
927 2073 1008 2097 esse
1044 2061 1086 2097 in
1116 2073 1160 2097 eo
1188 2062 1465 2098 auctoritatem

140 2126 299 2171 propter
318 2125 503 2170 paternas
526 2121 752 2158 inimicitias
764 2135 775 2168 ;
801 2121 866 2158 sed
895 2125 935 2159 et
963 2122 1231 2159 Hamilcarem
1255 2135 1299 2159 eo
1322 2123 1465 2171 perisse

140 2182 312 2219 laetatus
339 2195 437 2229 sum,
465 2183 578 2231 quod,
609 2183 641 2219 si
668 2183 734 2220 ille
763 2183 924 2230 viveret,
955 2183 1100 2220 bellum
1124 2184 1204 2220 iam
1234 2184 1464 2220 haberemus

139 2257 226 2280 cum
248 2244 446 2290 Romanis,
467 2248 506 2280 et
534 2244 638 2281 hunc
660 2245 838 2281 iuvenem
860 2248 1065 2294 tamquam
1093 2243 1237 2281 furiam
1261 2244 1463 2294 facemque
1482 2253 1522 2283 40

140 2305 256 2343 huius
283 2305 374 2342 belli
400 2305 463 2342 odi
493 2318 538 2341 ac
570 2305 762 2353 detestor3
822 2305 880 2342 12.
911 2317 981 2342 nec
1008 2305 1227 2343 dedendum
1253 2305 1380 2343 solum
1413 2305 1463 2342 ad
