1679 2553
223 147 273 191 54
779 170 885 206 ΜΠ,
914 170 997 199 xx1.·

156 270 197 302 57
223 258 372 296 duobus
395 260 664 299 consularibus
691 261 925 299 exercitibus
946 262 1059 300 victis
1076 275 1170 312 quos
1189 263 1285 301 alios
1302 264 1429 312 duces,
1447 277 1544 314 quas

155 517 194 547 10

150 822 188 851 15

143 1123 183 1154 20

142 1438 181 1468 25

143 1739 182 1770 30

142 2039 182 2071 35

141 2340 181 2371 40

220 320 318 357 alias
344 320 513 370 legiones
536 334 626 369 esse,
648 335 749 372 quae
779 325 1057 361 arcessantur?
1113 324 1148 361 3.
1179 325 1247 361 Ita
1265 325 1418 362 territis
1439 325 1543 363 Sem-

221 382 379 430 pronius
391 383 525 419 consul
538 383 712 420 advenit.
748 384 784 421 4.
806 384 969 433 Ingenti
981 384 1151 434 periculo
1165 397 1235 434 per
1250 386 1389 423 effusos
1398 387 1544 437 passim

220 442 269 478 ad
288 443 558 491 praedandum
577 444 747 481 hostium
768 445 918 493 equites
936 445 1100 482 audacia
1114 446 1239 495 magis
1252 459 1372 496 quam
1385 447 1543 485 consilio

219 506 290 539 aut
317 515 386 552 spe
413 503 577 540 fallendi
606 504 869 551 resistendive‚
897 505 930 542 si
957 518 1036 543 non
1064 505 1232 553 falleret,
1262 510 1541 557 transgressus,

218 564 256 600 id
277 564 378 613 quod
398 577 520 601 unum
542 566 713 603 maxime
731 567 774 603 in
793 568 1018 615 praesentia
1045 567 1355 616 desiderabatur,
1376 570 1544 606 comitiis

217 626 488 663 consularibus
527 626 672 664 habitis
709 628 751 664 in
789 628 956 665 hiberna
993 629 1120 666 rediit.
1198 630 1332 667 creati
1368 631 1543 668 consules

218 687 287 723 On.
310 687 498 724 Servilius
519 692 558 725 et
579 689 619 726 O.
643 689 872 727 Flaminius.

270 749 304 785 5.
335 748 521 786 Ceterum
549 763 598 787 ne
634 750 801 788 hiberna
837 752 993 801 quidem
1029 752 1220 789 Romanis
1256 754 1391 803 quieta
1427 758 1542 791 erant

219 810 453 859 vagantibus
483 811 627 860 passim
662 811 846 849 Numidis
883 813 1082 861 equitibus
1118 818 1170 860 et,
1208 817 1255 850 ut
1287 827 1466 864 quaeque
1496 816 1543 852 iis

214 870 448 919 inpeditiora
481 876 608 918 erant,
640 873 847 910 Celtiberis
877 874 1168 924 Lusitanisque.
1239 875 1386 912 Omnes
1414 876 1540 925 igitur

214 932 386 981 undique
413 932 534 969 clausi
562 938 803 970 commeatus
830 939 957 982 erant,
978 936 1055 972 nisi
1074 947 1171 985 quos
1189 936 1299 972 Pado
1318 949 1439 974 naves
1457 938 1542 974 sub-

215 993 413 1030 veherent.
486 994 519 1030 6.
551 994 783 1043 Emporium
816 1008 934 1045 prope
965 996 1211 1033 Placentiam
1244 996 1323 1033 fuit
1354 1001 1394 1034 et
1426 1010 1542 1047 opere

214 1067 356 1103 magno
375 1056 575 1092 munitum
594 1059 634 1093 et
654 1057 783 1094 valido
802 1058 1004 1095 firmatum
1025 1059 1227 1107 praesidio.
1276 1059 1372 1096 Eius
1391 1060 1541 1097 castelli

213 1117 465 1166 expugnandi
492 1129 559 1167 spe
587 1130 674 1155 cum
704 1119 901 1167 equitibus
928 1133 974 1157 ac
1001 1119 1077 1157 levi
1105 1123 1313 1157 armatura
1341 1121 1539 1170 proiectus

213 1179 433 1226 Hannibal,
463 1191 551 1216 cum
579 1179 793 1229 plurimum
821 1180 864 1216 in
892 1181 1052 1217 celando
1084 1181 1242 1230 incepto
1272 1181 1321 1218 ad
1355 1182 1537 1219 effectum

211 1239 292 1289 spei
311 1239 524 1286 habuisset,
545 1245 658 1277 nocte
677 1241 840 1278 adortus
859 1254 939 1278 non
957 1241 1099 1278 fefellit
1118 1242 1264 1291 vigiles.
1323 1240 1357 1279 7.
1387 1243 1540 1280 Tantus

211 1305 371 1350 repente
390 1301 537 1338 clamor
555 1306 614 1338 est
633 1302 824 1349 sublatus,
845 1306 892 1339 ut
911 1302 1139 1339 Placentiae
1154 1315 1307 1352 quoque
1319 1304 1535 1341 audiretur.

211 1362 355 1411 Itaque
374 1363 446 1399 sub
465 1362 591 1399 lucem
611 1376 699 1399 cum
719 1364 902 1412 equitatu
917 1363 1051 1400 consul
1066 1363 1202 1401 aderat
1217 1364 1329 1401 iussis
1344 1363 1538 1414 quadrato

210 1423 366 1473 agmine
403 1423 620 1473 legionibus
656 1425 764 1473 sequi
779 1438 789 1472 3
861 1426 894 1462 8.
935 1428 1114 1474 equestre
1150 1425 1310 1463 interim
1349 1426 1537 1475 proelium

210 1486 467 1532 commissum,
496 1487 539 1523 in
567 1499 643 1536 quo
671 1487 764 1535 quia
793 1487 946 1524 saucius
975 1487 1181 1523 Hannibal
1210 1500 1343 1536 pugna
1364 1488 1536 1535 excessit,

209 1559 353 1596 pavore
385 1548 562 1585 hostibus
593 1548 736 1585 iniecto
774 1548 977 1585 defensum
1011 1549 1164 1598 egregie
1196 1548 1432 1598 praesidium
1465 1552 1534 1586 est.

211 1609 244 1646 9.
276 1608 497 1646 Paucorum
524 1609 617 1647 inde
644 1610 797 1646 dierum
829 1610 961 1659 quiete
988 1614 1147 1659 sumpta
1176 1614 1215 1647 et
1248 1610 1408 1647 vixdum
1441 1610 1537 1647 satis

209 1674 417 1718 percurato
445 1671 607 1707 vulnere
636 1671 687 1707 ad
718 1671 969 1708 Victumulas
996 1671 1279 1720 oppugnandas
1306 1671 1364 1707 ire
1392 1672 1533 1720 pergit.

213 1731 271 1767 10.
301 1730 350 1766 Id
378 1731 594 1780 emporium
626 1731 816 1768 Romanis
844 1731 994 1769 Gallico
1022 1731 1122 1768 bello
1150 1731 1282 1768 fuerat
1297 1744 1308 1778 3
1336 1731 1537 1768 munitum

207 1792 297 1829 inde
324 1792 453 1829 locum
481 1792 838 1842 frequentaverant
866 1793 1024 1830 adcolae
1052 1793 1167 1829 mixti
1194 1792 1366 1841 undique
1384 1804 1434 1828 ex
1452 1792 1536 1829 fini-

207 1853 313 1890 timis
337 1854 500 1903 populis,
528 1857 568 1890 et
596 1857 684 1890 tum
711 1858 838 1892 terror
861 1853 1159 1903 populationum
1185 1865 1229 1890 eo
1257 1853 1461 1902 plerosque
1487 1865 1534 1890 ex

207 1914 311 1962 agris
326 1914 568 1963 conpulerat.
619 1915 677 1951 11.
701 1915 835 1952 Huius
847 1915 1001 1964 generis
1015 1914 1239 1961 multitudo,
1256 1913 1364 1950 fama
1378 1914 1533 1962 inpigre

207 1974 355 2012 defensi
397 1976 447 2012 ad
485 1975 732 2012 Placentiam
770 1975 956 2025 praesidii
992 1988 1164 2022 accensa,
1202 1975 1323 2012 armis
1362 1975 1532 2024 arreptis

206 2035 360 2073 obviam
383 2037 607 2074 Hannibali
626 2037 813 2086 procedit.
873 2038 932 2074 12.
963 2037 1095 2086 Magis
1114 2036 1276 2086 agmina
1293 2048 1412 2086 quam
1431 2036 1532 2073 acies

206 2097 249 2133 in
276 2097 340 2134 via
359 2101 656 2145 concurrerunt,
684 2101 737 2145 et,
757 2110 846 2135 cum
874 2110 922 2135 ex
949 2098 1078 2134 altera
1105 2102 1218 2147 parte
1245 2097 1345 2134 nihil
1373 2100 1532 2146 praeter

206 2158 448 2195 inconditam
469 2159 630 2196 turbam
651 2163 763 2206 esset,
783 2159 825 2195 in
844 2159 972 2196 altera
992 2162 1032 2195 et
1045 2159 1123 2195 dux
1139 2159 1256 2195 militi
1268 2162 1308 2196 et
1321 2158 1408 2195 duci
1422 2158 1533 2195 miles

207 2219 338 2265 fidens,
372 2219 423 2256 ad
451 2219 620 2268 triginta
648 2220 822 2269 quinque
849 2220 958 2256 milia
986 2219 1188 2256 hominum
1217 2231 1242 2255 a
1269 2219 1404 2268 paucis
1429 2218 1531 2256 fusa.

210 2281 267 2317 13.
299 2279 461 2316 Postero
497 2280 559 2317 die
597 2280 793 2317 deditione
823 2279 932 2317 facta
961 2280 1198 2328 praesidium
1230 2280 1339 2316 intra
1376 2279 1530 2317 moenia

205 2353 407 2390 accepere,
427 2342 598 2390 iussique
612 2355 722 2378 arma
737 2342 893 2378 tradere
905 2354 992 2378 cum
1007 2341 1110 2378 dicto
1123 2341 1357 2391 paruissent,
1370 2340 1529 2391 signum
