1679 2553
208 127 258 164 30
763 140 869 175 mvv,
898 140 977 167 XXI.

152 245 192 273 32
207 231 322 280 Alpis
341 244 428 267 cum
449 231 550 267 bona
570 244 663 280 face
678 232 931 270 incolentium
953 247 997 270 ea
1016 234 1098 270 loca
1112 235 1315 272 Gallorum
1335 235 1524 284 pervenit.

156 300 192 327 16
208 293 242 329 7.
299 293 411 337 Tum,
432 307 674 342 quamquam
703 294 811 330 fama
839 295 958 343 prius,
979 308 1056 344 qua
1071 296 1221 333 incerta
1233 297 1274 333 in
1291 297 1417 333 maius
1435 310 1526 333 vero

206 354 304 391 ferri
333 354 470 400 solunt,
491 360 701 404 praecepta
730 369 792 392 res
821 362 919 403 erat,
949 360 1084 393 tamen
1117 371 1164 394 ex
1198 359 1414 407 propinquo
1444 358 1526 394 visa

208 416 402 452 montium
442 415 611 452 altitudo
653 417 839 466 nivesque
886 419 991 455 caelo
1027 432 1146 469 piope
1182 420 1383 466 inmixtae,
1419 423 1527 456 tecta

206 477 391 514 informia
448 478 618 526 inposita
665 479 839 526 rupibus,
886 493 1023 529 pecora
1074 481 1329 531 iumentaque
1373 480 1528 530 torpida

153 553 191 582 20
208 538 364 588 frigore,
395 539 572 575 homines
608 540 756 576 intonsi
785 544 825 577 et
861 541 1014 585 inculti,
1048 543 1236 580 animalia
1272 544 1527 592 inanimaque

207 601 339 637 omnia
376 601 547 649 rigentia
593 603 694 650 gelu,
733 608 862 640 cetera
900 604 984 640 visu
1022 617 1142 653 quam
1188 605 1294 642 dictu
1341 605 1525 651 foediora,

209 668 397 699 terrorem
441 669 695 703 renovarunt.
772 666 806 701 8.
839 665 1092 713 Erigentibus
1128 667 1169 703 in
1207 667 1352 716 primos
1385 679 1526 715 agmen

208 725 325 761 clivos
344 730 616 773 apparuerunt
636 726 872 763 inminentes
904 727 1077 764 tumulos
1104 728 1316 766 insidentes
1335 728 1526 774 montani,

209 786 286 835 qui,
325 786 356 822 si
396 786 506 823 vallis
551 788 777 825 occultiores
811 789 1052 835 insedissent,
1091 791 1212 826 coorti
1256 790 1306 827 ad
1352 802 1527 839 pugnam

151 858 190 886 25
208 852 368 898 repente
404 848 605 897 ingentem
626 849 762 899 fugam
793 854 1044 900 stragemque
1073 851 1276 889 dedissent.
1348 851 1383 888 9.
1413 852 1526 887 Han-

209 910 317 947 nibal
354 910 562 947 consistere
598 911 710 960 signa
751 912 864 948 iussit
875 925 886 959 3
915 911 1115 961 Gallisque
1152 913 1202 948 ad
1238 912 1399 949 visenda
1443 912 1528 948 loca

209 972 428 1022 praemissis
455 975 665 1021 postquam
685 974 860 1023 conperit
878 974 1094 1010 transitum
1114 986 1160 1010 ea
1188 986 1266 1010 non
1285 987 1378 1020 esse,
1398 977 1527 1010 castra

208 1035 313 1071 inter
350 1033 579 1083 confragosa
615 1036 747 1072 omnia
783 1039 1074 1086 praeruptaque
1111 1049 1230 1085 quam
1258 1026 1528 1072 extentissima

210 1099 339 1147 potest
359 1095 461 1131 valle
480 1095 595 1133 locat.
655 1098 708 1134 10.
744 1098 845 1134 Tum
870 1110 940 1147 per
958 1097 1109 1134 eosdem
1131 1097 1275 1144 Gallos,
1295 1097 1402 1134 haud
1434 1109 1528 1133 sane

153 1166 192 1196 30
209 1157 381 1194 multum
414 1157 550 1205 lingua
579 1159 828 1208 moribusque
854 1159 1115 1205 abhorrentis,
1144 1172 1232 1195 cum
1257 1171 1298 1195 se
1315 1158 1528 1195 inmiscuis-

209 1223 298 1256 sent
351 1218 564 1266 conloquiis
609 1225 898 1266 montanorum,
946 1220 1103 1257 edoctus
1149 1220 1321 1256 interdiu
1367 1223 1527 1256 tantum

208 1281 374 1318 obsideri
410 1280 567 1329 saltum,
605 1287 717 1318 nocte
744 1283 786 1318 in
818 1295 889 1319 sua
920 1295 1113 1331 quemque
1149 1282 1269 1319 dilabi
1296 1285 1415 1328 tecta,
1444 1281 1529 1318 luce

210 1344 339 1393 prima
357 1342 478 1380 subiit
498 1343 682 1389 tumulos,
703 1347 749 1380 ut
767 1357 816 1380 ex
845 1347 982 1392 aperto
1000 1348 1120 1393 atque
1151 1344 1324 1380 interdiu
1353 1343 1432 1379 vim
1460 1355 1529 1392 per

210 1406 415 1454 angustias
434 1406 622 1443 facturus.
701 1406 759 1442 ll.
790 1405 865 1442 Die
879 1405 1016 1442 deinde
1035 1405 1254 1442 simulando
1273 1405 1393 1451 aliud,
1409 1417 1528 1454 quam

154 1479 193 1507 35
210 1468 311 1517 quod
328 1469 559 1517 parabatur,
575 1470 815 1516 consumpto,
848 1466 946 1517 (12.)
966 1480 1054 1504 cum
1081 1467 1223 1510 eodem,
1236 1480 1311 1516 quo
1326 1467 1528 1503 constiter-

209 1533 291 1576 ant,
313 1530 394 1566 loco
413 1533 542 1567 castra
561 1529 875 1575 communissent,
896 1528 964 1565 ubi
981 1530 1154 1578 primum
1167 1529 1355 1578 digressos
1365 1528 1530 1565 tumulis

211 1596 421 1629 montanos
456 1592 687 1640 laxatasque
732 1591 853 1628 sensit
898 1591 1104 1637 custodias,
1150 1590 1329 1640 pluribus
1372 1589 1530 1639 ignibus

210 1666 328 1702 quam
364 1666 436 1702 pro
472 1666 636 1690 numero
668 1653 915 1689 manentium
952 1653 995 1689 in
1031 1653 1196 1701 speciem
1232 1651 1348 1689 factis
1382 1651 1529 1701 inpedi-

210 1715 428 1764 mentisque
460 1728 548 1752 cum
585 1715 716 1764 equite
745 1714 891 1751 relictis
927 1717 967 1751 et
1004 1715 1177 1751 maxima
1204 1717 1318 1763 parte
1353 1714 1530 1762 peditum

155 1786 194 1814 40
212 1778 291 1826 ipse
327 1790 416 1814 cum
453 1777 654 1826 expeditis,
711 1776 810 1827 (13.)
847 1777 1036 1813 acerrimo
1064 1789 1218 1826 quoque
1247 1776 1343 1822 viro,
1382 1775 1530 1824 raptim

213 1839 415 1888 angustias
434 1839 565 1876 evadit
582 1839 707 1888 iisque
734 1838 825 1888 ipsis
844 1838 1020 1885 tumulis,
1041 1851 1136 1888 quos
1154 1839 1283 1874 hostes
1301 1839 1528 1883 tenuerant,

211 1901 391 1939 consedit.

155 2028 196 2057 83
265 2019 452 2058 XXXIII.
501 2020 636 2057 Prima
675 2021 812 2057 deinde
848 2020 933 2058 luce
976 2024 1106 2057 castra
1143 2023 1263 2066 mota,
1302 2022 1342 2056 et
1387 2031 1530 2068 agmen

211 2082 372 2119 relicum
403 2083 579 2119 incedere
607 2083 744 2132 coepit.
801 2083 836 2119 2.
866 2082 956 2118 Iam
992 2082 1173 2118 montani
1207 2081 1317 2130 signo
1354 2080 1447 2117 dato
1482 2091 1530 2116 ex

212 2143 380 2180 castellis
412 2144 462 2180 ad
493 2145 704 2181 stationem
741 2143 898 2180 solitam
931 2144 1223 2189 conveniebant,
1252 2155 1340 2180 cum
1368 2144 1530 2190 repente

212 2206 456 2255 conspiciunt
475 2206 570 2243 alios
587 2219 676 2243 arce
695 2210 884 2254 occupata
911 2218 982 2242 sua
1001 2218 1117 2256 super
1136 2208 1256 2255 caput
1287 2201 1529 2247 inminentis,

180 2267 308 2303 5ali0s
345 2268 409 2304 via
440 2268 613 2304 transire
649 2267 782 2304 hostis.
852 2268 886 2304 3.
916 2266 1102 2316 Utraque
1129 2266 1246 2303 simul
1283 2266 1433 2302 obiecta
1469 2275 1531 2299 res

210 2328 330 2367 oculis
348 2329 565 2378 animisque
584 2329 786 2366 inmobiles
803 2341 1015 2379 parumper
1033 2341 1096 2365 eos
1113 2327 1249 2364 defixit
1264 2341 1273 2372 ;
1315 2328 1350 2365 4.
1380 2324 1530 2371 deinde,
