1679 2553
661 121 724 153 cn.
756 126 868 162 mm„
899 124 1011 154 mn.
1447 116 1494 153 59

172 218 370 266 clamasse,
427 219 461 256 3.
491 222 532 257 et
549 219 592 256 in
609 218 694 256 foro
712 219 845 256 boario
873 219 1013 256 bovem
1038 218 1081 255 in
1108 218 1271 255 tertiam
1298 218 1492 268 contignat
1513 225 1555 256 62

171 279 320 317 tionem
338 293 409 317 sua
423 283 561 330 sponte
574 280 784 317 escendisse
797 283 917 329 atque
931 279 1022 317 inde
1035 279 1214 317 tumultu
1226 279 1496 317 habitatorum
1513 291 1532 320 6

170 342 355 378 territum
375 353 456 379 sese
471 341 661 388 deiecisse,
674 345 715 378 et
733 341 894 378 navium
914 341 1079 390 speciem
1099 341 1144 378 de
1159 341 1264 378 caelo
1279 340 1494 387 adfulsisse,

171 406 212 440 et
239 403 376 440 aedem
405 402 504 452 Spei,
535 415 637 452 quae
671 405 730 440 est
762 402 804 439 in
837 401 922 440 foro
953 403 1118 449 olitorio,
1151 402 1320 440 fulmine
1352 403 1494 440 ictam:

171 465 206 502 4.
236 468 278 502 et
306 464 463 501 Lanuvi
490 464 648 501 hastam
675 476 716 501 se
744 464 993 501 commovisse
1025 468 1065 501 et
1097 477 1258 501 corvum
1287 464 1330 501 in
1361 464 1494 501 aeden]

170 526 335 562 Iunonis
353 525 550 563 devolasse
568 529 688 574 atque
706 525 750 562 in
767 525 850 574 ipso
869 526 1069 574 pulvinari
1083 525 1308 572 consedisse,
1339 526 1374 563 5.
1403 526 1492 563 etin
1512 535 1551 565 10

169 600 265 637 agro
292 587 544 624 Amiternino
571 587 708 624 multis
735 587 826 624 locis
858 587 1062 625 hominum
1094 588 1219 638 specie
1245 587 1379 637 procul
1407 601 1493 625 can-

168 648 258 686 dida
295 652 403 686 veste
440 649 540 686 visos
574 661 646 686 nec
682 661 772 686 cum
808 648 888 686 ullo
926 662 1159 699 congressos,
1196 653 1237 686 et
1272 650 1315 686 in
1353 649 1494 686 Piceno

167 710 360 760 lapidibus
378 711 559 760 pluvisse,
579 714 620 748 et
639 710 761 748 Caere
788 714 912 748 sortes
939 715 1188 758 extenuatas,
1217 714 1258 749 et
1289 712 1332 747 in
1364 711 1494 748 Gallia

166 773 306 822 lupum
324 772 434 822 vigili
459 772 636 822 gladium
663 784 711 809 ex
731 772 877 822 vagina
904 777 1065 821 raptum
1093 773 1309 810 abstulisse.
1368 774 1402 810 6.
1433 772 1493 809 Ob

165 838 296 871 cetera
329 834 506 884 prodigia
533 833 653 870 libros
679 833 786 870 adire
823 833 1031 871 decemviri
1066 835 1180 881 iussi,
1219 834 1322 884 quod
1359 838 1490 871 autem
1510 834 1550 867 15

165 895 360 945 lapidibus
386 895 575 946 pluvisset
600 895 642 932 in
672 895 826 942 Piceno,
855 896 1098 933 novemdiale
1126 909 1281 933 sacrum
1309 895 1490 934 edictum.

166 958 222 995 Et
239 958 403 995 subinde
422 957 510 994 aliis
527 957 782 1007 procurandis
800 969 920 1006 prope
938 961 1023 994 tota
1043 958 1182 994 civitas
1209 962 1371 1007 operata
1400 959 1488 995 fuit.

166 1019 200 1057 7.
231 1020 321 1056 Iam
368 1019 540 1068 primum
583 1019 756 1056 omnium
805 1019 898 1055 urbs
941 1019 1114 1056 lustrata
1159 1024 1217 1056 est
1264 1019 1490 1069 hostiaeque

165 1081 329 1118 maiores
349 1081 489 1130 quibus
503 1080 654 1118 editum
673 1086 733 1118 est
753 1081 811 1118 dis
829 1094 972 1127 caesae,
1021 1082 1055 1118 8.
1087 1085 1127 1118 et
1155 1081 1300 1118 donum
1328 1094 1376 1118 ex
1403 1082 1491 1118 auri

164 1143 290 1192 pondo
326 1143 593 1192 quadraginta
631 1142 858 1180 Lanuvium
896 1143 1042 1180 lunoni
1085 1146 1289 1192 portatum
1334 1146 1405 1188 est,
1450 1146 1489 1179 et
1509 1153 1548 1183 20

162 1205 318 1253 signum
338 1216 505 1241 aeneum
525 1208 731 1241 matronae
751 1204 898 1241 Iunoni
915 1204 957 1240 in
976 1205 1178 1241 Aventino
1198 1203 1487 1251 dedicaverunt,

161 1269 202 1303 et
220 1266 504 1304 lectisternium
527 1265 661 1313 Caere,
682 1266 751 1303 ubi
769 1270 891 1303 sortes
911 1266 1152 1303 adtenuatae
1172 1270 1299 1312 erant,
1318 1266 1487 1315 impera-

161 1331 260 1374 tum,
281 1331 322 1365 et
339 1328 572 1377 supplicatio
592 1328 793 1365 Fortunae
810 1328 853 1364 in
874 1327 1042 1377 Algid05
1100 1328 1133 1366 9.
1164 1328 1314 1365 Romae
1334 1340 1488 1377 quoque

162 1393 203 1426 et
220 1389 505 1427 lectisternium
524 1390 730 1426 Iuventati
749 1394 790 1426 et
809 1389 1041 1440 supplicatio
1060 1389 1110 1426 ad
1138 1389 1274 1426 aedem
1303 1389 1487 1426 Herculis

163 1452 408 1498 nominatim,
429 1451 567 1488 deinde
596 1451 776 1488 universo
804 1451 946 1500 populo
974 1451 1076 1488 circa
1103 1451 1236 1487 omnia
1263 1450 1485 1500 pulvinaria
1509 1457 1549 1486 25

161 1512 321 1560 indicta,
385 1513 444 1551 10.
474 1517 515 1550 et
547 1513 670 1550 Genio
702 1513 868 1550 maiores
893 1513 1044 1550 hostiae
1075 1525 1209 1550 caesae
1234 1513 1420 1562 quinque,
1446 1517 1485 1549 et

162 1574 204 1611 C.
222 1575 372 1612 Atilius
390 1574 583 1612 Serranus
601 1579 760 1624 praetor
773 1578 864 1612 vota
875 1575 1067 1624 suscipere
1086 1575 1224 1620 iussus,
1243 1574 1276 1610 si
1294 1574 1336 1610 in
1354 1574 1484 1610 decem

164 1649 289 1673 annos
306 1648 368 1673 res
394 1637 550 1685 publica
578 1636 711 1673 eodem
738 1637 910 1673 stetisset
938 1639 1059 1673 statu.
1120 1637 1178 1673 ll.
1209 1635 1322 1672 Haec
1350 1648 1485 1684 procu-

161 1702 252 1734 rata
271 1701 440 1747 votaque
459 1710 507 1734 ex
526 1698 634 1735 libris
655 1698 854 1747 Sibyllinis
874 1710 1017 1747 magna
1035 1710 1084 1735 ex
1110 1701 1225 1747 parte
1253 1697 1485 1734 levaverant

160 1759 345 1808 religione
370 1760 531 1797 animos.
1509 1757 1548 1788 3⁰

211 1876 356 1916 LXIII.
389 1879 603 1917 Consulum
630 1880 924 1930 designatorum
953 1880 1055 1917 alter
1082 1879 1313 1926 Flaminius,
1334 1880 1395 1915 cui
1416 1891 1484 1915 eae
1506 1887 1548 1918 63

157 1939 338 1989 legiones,
383 1953 485 1989 quae
529 1940 758 1978 Placentiae
795 1941 1074 1987 hibernabant,
1115 1945 1219 1978 sorte
1256 1944 1483 1987 evenerant,

158 2001 330 2038 edictum
350 2005 390 2039 et
416 2002 572 2039 litteras
589 2003 640 2039 ad
659 2002 857 2039 consulem
886 2003 1005 2049 misit,
1027 2007 1073 2040 ut
1092 2003 1125 2039 is
1144 2002 1339 2039 exercitus
1357 2003 1485 2039 idibus

159 2062 322 2100 Martiis
350 2064 526 2100 Arimini
556 2063 707 2101 adesset
739 2065 782 2101 in
814 2064 965 2102 castris.
1024 2066 1058 2101 2.
1090 2065 1168 2101 Hic
1204 2064 1247 2100 in
1283 2064 1484 2113 provincia

158 2125 406 2162 consulatum
438 2125 538 2162 inire
575 2125 776 2162 consilium
815 2130 904 2162 erat
941 2126 1105 2162 memori
1145 2129 1322 2163 veterum
1359 2129 1483 2162 certa·
1507 2134 1526 2163 5

159 2186 310 2222 minum
329 2198 418 2223 cum
446 2186 637 2236 patribus,
657 2199 758 2236 quae
785 2187 970 2224 tribunus
998 2187 1121 2237 plebis
1148 2191 1188 2225 et
1215 2200 1317 2237 quae
1347 2191 1484 2237 postea

160 2247 293 2284 consul
313 2249 422 2297 prius
434 2248 481 2285 de
498 2248 716 2294 consulatu,
735 2249 803 2297 qui
817 2249 1099 2299 abrogabatur,
1117 2249 1207 2286 dein
1222 2249 1269 2286 de
1282 2248 1483 2298 triumpho

161 2308 367 2357 habuerat,
398 2308 468 2360 (3.)
489 2309 637 2347 invisus
648 2310 770 2346 etiam
788 2310 969 2360 patribus
983 2310 1031 2346 ob
1050 2323 1194 2347 novam
1208 2310 1346 2360 legem,
1362 2323 1481 2359 quam
