1679 2553
221 142 271 178 28
778 151 883 187 LJVY,
914 151 994 178 XXI.

167 260 209 290 30
219 246 574 296 subsisterc——quid
594 247 709 296 Alpis
729 247 836 283 aliud
862 260 942 283 esse
971 246 1171 284 credentes
1199 260 1318 296 quam
1348 247 1544 284 montium

169 318 208 347 20
220 308 479 345 altitudines?
537 308 569 347 7.
603 310 817 357 Fingereut
846 308 1004 345 altiores
1032 309 1225 357 Pyrenaei
1254 309 1380 358 iugis3
1414 308 1545 346 nullas

219 369 394 419 profecto
445 374 569 407 terras
623 370 776 407 caelum
823 370 1051 419 contingere
1097 383 1168 406 nec
1213 370 1547 419 inexsuperabiles

220 432 394 468 humano
426 432 558 481 generi
589 444 679 468 esse.
736 431 852 480 Alpis
883 431 1040 480 quidem
1074 432 1249 468 habitari
1276 432 1359 478 coli,
1389 432 1549 481 gignere

220 498 339 543 atque
358 494 462 530 alere
483 494 706 531 animantes
721 508 731 541 3
760 493 915 543 pervias
936 494 1070 542 paucis
1090 507 1182 540 (sse,
1199 494 1354 543 pervias
1372 493 1549 531 exerciti-

220 557 303 593 bus.
362 557 395 592 8.
428 557 503 592 Eos
534 556 646 604 ipsos,
679 569 774 604 quos
807 560 983 602 cernant,
1013 556 1164 605 legatos
1194 569 1272 592 non
1302 556 1432 604 pinnis
1460 555 1547 592 sub-

167 627 206 656 25
220 618 312 654 lime
333 619 456 655 elatos
484 618 598 668 Alpis
618 622 889 667 transgressos
946 617 1009 654 Ne
1036 618 1202 654 maiores
1231 618 1385 667 quidem
1416 630 1549 654 eorum

221 680 437 729 indigenas⁷
475 680 541 717 sed
578 680 752 716 advenas
790 679 934 716 Italiae
970 679 1139 716 cultores
1177 680 1248 716 has
1293 680 1398 729 ipsas
1434 679 1551 729 Alpis

220 742 449 792 ingentibus
494 754 609 790 saepe
655 742 875 790 agminibus
921 754 1010 777 cum
1056 742 1187 778 liberis
1232 755 1277 778 ac
1322 741 1552 790 coniugibus

222 804 480 853 migrantium
527 804 638 841 modo
683 808 772 840 tuto
818 803 1092 841 transmisisse.
1157 805 1189 841 9.
1222 803 1345 839 Militi
1392 803 1550 852 quidem

222 870 377 902 armato
396 866 495 902 nihil
514 878 643 902 secum
665 868 820 914 praeter
840 865 1107 902 instrumenta
1133 865 1224 901 belli
1252 864 1430 913 portanti
1457 864 1550 914 quid

170 934 205 962 30
223 926 372 962 invium
403 929 476 962 aut
503 926 817 975 inexsuperabile
845 928 950 963 esse?
1007 925 1231 975 Saguntum
1261 930 1306 963 ut
1334 928 1550 975 caperetur,

223 987 315 1036 quid
336 1000 405 1036 per
424 991 509 1024 octo
529 1000 681 1024 menses
701 987 873 1036 periculi,
894 987 987 1036 quid
1008 988 1151 1024 laboris
1179 987 1416 1024 exhaustum
1441 989 1550 1025 esse?

226 1050 285 1087 10.
318 1050 498 1095 Romam,
530 1053 650 1098 caput
688 1049 791 1085 orbis
828 1053 1040 1094 terrarum,
1079 1049 1305 1098 petentibus
1342 1049 1552 1098 quicquam

224 1112 320 1148 adeo
349 1124 531 1160 asperum
559 1115 680 1159 atque
709 1110 879 1146 arduum
909 1111 1042 1156 videri,
1068 1110 1170 1159 quod
1198 1110 1396 1159 inceptum
1427 1123 1551 1147 more-

225 1175 317 1211 tur?
376 1174 434 1211 ll.
471 1173 625 1221 Cepisse
662 1172 862 1221 quondam
900 1171 1034 1208 Gallos
1071 1185 1129 1218 ea,
1167 1185 1268 1220 quae
1305 1172 1406 1208 adiri
1444 1184 1552 1221 posse

169 1241 208 1270 35
225 1237 379 1274 Poenus
399 1236 576 1284 desperet
595 1248 601 1271 :
632 1234 792 1283 proinde
813 1237 884 1270 aut
913 1234 1092 1270 cederent
1111 1234 1241 1270 animo
1265 1238 1384 1282 atque
1403 1234 1552 1271 virtute

225 1297 335 1346 genti
365 1310 433 1346 per
465 1309 528 1333 eos
559 1296 638 1332 dies
667 1295 811 1332 totiens
840 1296 889 1331 ab
918 1308 957 1332 se
986 1295 1123 1340 victae,
1154 1298 1226 1331 aut
1253 1295 1405 1331 itineris
1433 1296 1550 1331 finem

225 1362 384 1408 sperent
404 1369 586 1406 campum
607 1356 902 1392 interiacentem
924 1355 1053 1392 Tiberi
1067 1368 1112 1392 ac
1127 1355 1329 1392 moenibus
1349 1355 1549 1393 Romanis.

169 1480 208 1511 31
278 1480 419 1519 XXXI.
450 1481 526 1518 His
544 1480 883 1517 adhortationibus
902 1480 1085 1516 incitatos
1103 1492 1264 1528 corpora
1280 1491 1418 1516 curare
1433 1482 1552 1527 atque

226 1544 276 1581 ad
300 1545 377 1581 iter
405 1556 443 1581 se
472 1556 613 1593 parare
642 1543 761 1580 iubet.
822 1543 854 1579 2.
887 1542 1047 1578 Postero
1075 1541 1135 1577 die
1163 1541 1361 1589 profectus
1388 1540 1552 1577 adversa

225 1607 312 1656 ripa
338 1606 521 1642 Rhodani
550 1604 838 1642 mediterranea
867 1604 1020 1640 Galliae
1049 1603 1162 1653 petit,
1185 1616 1263 1639 non
1291 1603 1383 1652 quia
1411 1602 1552 1639 rectior

226 1668 276 1705 ad
296 1668 417 1716 Alpes
445 1667 510 1703 via
539 1670 649 1713 esset,
671 1666 735 1702 sed
764 1670 959 1715 quantum
989 1679 1012 1702 a
1041 1665 1142 1701 mari
1170 1665 1398 1710 recessisset,
1421 1663 1551 1700 minus

192 1731 383 1772 5obvium
413 1729 497 1766 fore
529 1730 754 1765 Romanum
784 1728 953 1775 creticam,
977 1726 1049 1777 (3.)
1083 1740 1170 1764 cum
1201 1739 1288 1776 quo,
1319 1726 1547 1775 priusquam

226 1795 267 1831 in
297 1793 457 1829 Italiam
486 1795 649 1828 ventum
680 1790 794 1837 foret,
824 1803 903 1827 non
937 1794 1023 1826 erat
1056 1789 1097 1825 in
1128 1789 1259 1825 animo
1288 1801 1429 1824 manus
1460 1800 1549 1824 con-

226 1868 363 1892 serere.
421 1854 456 1892 4.
487 1853 649 1897 Quartis
667 1852 805 1889 castris
824 1852 873 1888 ad
902 1852 1079 1888 Insulam
1100 1850 1290 1900 pervenit.
1347 1849 1410 1887 Ibi
1437 1850 1550 1887 Isara

228 1917 520 1965 Rhodanusque
553 1928 687 1952 amnes
717 1914 877 1951 diversis
910 1927 957 1950 ex
988 1914 1158 1963 Alpibus
1190 1913 1438 1950 decurrentes
1466 1911 1553 1961 agri

228 1979 479 2028 aliquantum
517 1976 687 2025 amplexi
723 1976 926 2012 confluunt
962 1976 1003 2012 in
1042 1988 1188 2022 unum;
1234 1974 1370 2011 mediis
1408 1974 1553 2023 campis

174 2053 212 2081 10
229 2040 390 2077 Insulae
427 2052 569 2075 nomen
606 2038 788 2074 inditum.
865 2039 898 2075 5.
932 2038 1118 2074 Incolunt
1154 2049 1271 2086 prope
1308 2036 1550 2085 Allobroges,

228 2115 323 2152 gens
342 2103 421 2138 iam
440 2101 531 2138 inde
551 2101 660 2137 nulla
680 2100 831 2137 Gallica
852 2103 967 2148 gente
994 2100 1129 2149 opibus
1149 2102 1219 2135 aut
1244 2098 1351 2134 fama
1378 2097 1550 2134 inferior.

231 2165 264 2203 6.
295 2165 393 2200 Tum
413 2164 555 2200 discors
574 2167 670 2200 erat.
729 2163 857 2211 Regni
879 2162 1093 2198 certamine
1117 2160 1369 2209 ambigebant
1393 2158 1549 2198 fratres.

231 2227 362 2263 Maior
382 2230 421 2262 et
440 2225 507 2274 qui
527 2225 634 2274 prius
654 2224 916 2273 imperitarat,
938 2224 1115 2259 Braneus
1143 2222 1310 2268 nomine,
1333 2221 1482 2258 minore
1501 2222 1552 2258 ab

229 2288 357 2324 fratre
384 2292 424 2323 et
453 2290 563 2323 coetu
592 2286 800 2331 iuniorum,
823 2286 890 2333 qui
919 2284 1003 2321 iuie
1030 2284 1170 2330 minus,
1201 2283 1238 2319 vi
1267 2283 1355 2331 plus
1382 2286 1550 2332 poterat,

178 2359 216 2389 15
232 2349 461 2400 pellebatur.
494 2348 527 2386 7.
551 2348 682 2384 Huius
697 2346 896 2384 seditionis
911 2348 1201 2396 peropportuna
1218 2344 1448 2394 disceptatio
1463 2356 1551 2381 cum
