1679 2553
172 268 210 300 51

233 160 282 196 48
790 172 895 208 LIVY,
925 172 1004 199 xxl.

285 261 350 301 LI.
377 263 418 300 A
438 263 626 312 Lilybaeo
654 263 787 300 consul
808 263 983 300 Hierone
1006 277 1094 300 cum
1120 264 1242 302 classe
1269 265 1377 314 regia
1397 265 1552 304 dimisso

232 325 443 374 relictoque
463 329 645 374 praetore
657 325 707 361 ad
719 326 908 361 tuendam
924 325 1077 362 Siciliae
1093 339 1201 362 oram
1216 326 1298 376 ipse
1319 327 1360 363 in
1379 327 1549 365 insulam

233 386 431 434 Melitam,
469 399 571 436 quae
607 399 632 423 a
669 386 1064 435 Carthaginiensibus
1109 388 1334 434 tenebatur,
1381 389 1550 427 traiecit.

232 448 267 485 2.
296 448 540 485 Advenienti
561 448 770 485 Hamilcar
785 448 967 497 Gisgonis
986 448 1099 494 filius⁷
1114 450 1336 497 praefectus
1355 450 1550 499 praesidii,

191 516 209 545 5
231 522 319 546 cum
339 510 454 558 paulo
483 510 613 546 minus
641 509 790 546 duobus
810 510 966 546 milibus
985 510 1157 546 militum
1183 511 1445 560 oppidumque
1464 525 1550 550 cum

167 826 205 856 10

166 1131 203 1159 15

230 571 360 607 insula
378 571 563 608 traditur.
621 571 720 608 Inde
738 575 826 621 post
846 584 988 621 paucos
1013 571 1092 608 dies·
1117 573 1288 609 reditum
1309 573 1551 622 Lilybaeum,

232 632 455 682 captivique
475 636 514 669 et
534 646 558 669 a
578 633 735 670 consule
753 638 793 670 et
813 647 836 669 a
855 637 1036 682 praetore
1056 637 1214 682 praeter
1225 634 1398 683 insignes
1417 635 1552 671 nobili-

232 697 318 731 tate
338 694 442 731 viros
468 694 540 731 sub
565 707 706 732 corona
726 694 946 731 venierunt.
1005 695 1038 732 3.
1071 695 1284 744 Postquam
1304 697 1354 732 ab
1373 709 1418 733 ea
1437 700 1552 745 parte

231 756 327 792 satis
357 759 489 793 tutam
524 756 697 793 Siciliam
728 757 912 793 censebat
944 757 1088 802 consul,
1118 757 1168 793 ad
1195 758 1344 794 insulas
1366 757 1551 803 Vulcani,

231 818 324 866 quia
355 817 463 854 fama
493 821 581 854 erat
612 821 718 855 stare
748 818 803 854 ibi
833 818 1024 854 Punicam
1061 818 1234 864 classem,
1265 819 1444 865 t1·aiecit;
1481 831 1551 855 nec

231 870 438 928 quisquam
456 879 629 915 hostium
649 879 751 916 circa
771 891 837 915 eas
855 879 1004 915 insulas
1022 879 1217 916 inventus.
1275 880 1309 918 4.
1341 880 1428 916 Iam
1449 879 1551 916 forte

231 940 536 977 transmiserant
568 940 620 977 ad
652 939 887 976 vastandam
919 940 1064 976 Italiae
1091 953 1212 987 orani,
1242 940 1552 990 depopulatoque

232 1002 464 1038 Viboniensi
509 1014 604 1051 agro
641 1002 779 1039 urbem
825 1002 945 1038 etiam
987 1002 1203 1038 terrebant.
1274 1003 1308 1039 5.
1340 1002 1552 1051 Repetenti

233 1063 405 1100 Siciliam
437 1063 587 1100 consuli
618 1063 786 1100 escensio
819 1063 989 1099 hostium
1020 1063 1062 1099 in
1093 1076 1232 1111 agrum
1271 1063 1551 1100 Viboniensem

232 1124 339 1161 facta
358 1125 583 1170 nuntiatur,
600 1124 836 1174 litteraeque
855 1124 906 1160 ab
917 1126 1059 1160 senatu
1074 1124 1120 1160 de
1135 1124 1308 1161 transitu
1327 1125 1369 1160 in
1390 1124 1551 1161 Italiam

232 1186 485 1233 Hannibalis,
517 1190 557 1222 et
586 1189 633 1222 ut
665 1186 790 1235 primo
819 1198 972 1234 queque
1008 1189 1182 1234 tempore
1211 1186 1393 1234 conlegae
1429 1185 1551 1222 ferret

231 1247 435 1293 auxilium,
456 1247 595 1283 missae
613 1247 843 1283 traduntur.
902 1247 936 1283 6.
968 1246 1110 1282 Multis
1137 1246 1253 1283 simul
1281 1247 1422 1283 anxius
1450 1247 1553 1284 curis

231 1309 447 1346 exercitum
481 1308 676 1358 extemplo
712 1308 754 1344 in
782 1320 901 1344 naves
936 1307 1151 1356 inpositum
1182 1308 1414 1344 Ariminum
1452 1307 1551 1344 mari

231 1384 370 1420 supero
398 1370 517 1416 misit,
545 1371 663 1407 Sexto
693 1369 906 1419 Pomponio
933 1370 1063 1418 legato
1091 1383 1179 1405 cum
1210 1369 1352 1418 viginti
1379 1370 1552 1419 quinque

230 1432 356 1481 longis
392 1432 561 1468 navibus
598 1431 876 1467 Viboniensem
914 1443 1053 1479 agrum
1092 1431 1413 1479 maritimamque
1441 1443 1551 1467 oram

233 1494 378 1530 Italiae
396 1493 584 1530 tuendam
615 1493 819 1539 adtribuit,
891 1492 924 1528 7.
956 1491 1011 1529 M.
1042 1492 1212 1528 Aemilio
1240 1491 1412 1540 praetori
1439 1492 1552 1540 quin-

232 1555 423 1605 quaginta
443 1554 607 1590 navium
625 1553 785 1590 classem
804 1552 983 1602 explevit.
1043 1553 1133 1601 Ipse
1161 1552 1380 1601 compositis
1400 1552 1553 1589 Siciliae

231 1616 348 1653 rebus
367 1615 498 1652 decem
532 1615 699 1652 navibus
727 1627 834 1651 oram
865 1614 1011 1650 Italiae
1038 1613 1171 1661 legens
1204 1614 1433 1650 Ariminum
1462 1626 1548 1662 per-

232 1678 352 1715 venit.
409 1677 507 1714 Inde
526 1690 615 1714 cum
635 1676 810 1713 exercitu
827 1688 897 1713 suo
915 1675 1112 1724 profectus
1137 1675 1187 1711 ad
1205 1674 1386 1712 Trebiam
1406 1676 1550 1712 flumen

232 1740 413 1788 conlegae
432 1739 695 1788 coniungitur.

286 1859 374 1898 LII.
404 1861 494 1897 Iam
513 1860 629 1897 ambo
647 1859 822 1896 consules
841 1862 881 1895 et
900 1857 1088 1907 quidquid
1107 1857 1380 1894 Romanarum
1407 1857 1551 1894 virium

233 1926 318 1959 erat
356 1921 579 1958 Hannibali
616 1920 837 1970 oppositum
875 1923 947 1956 aut
991 1919 1068 1955 illis
1100 1918 1219 1967 copiis
1255 1917 1412 1955 defendi
1443 1930 1552 1968 posse

235 1984 460 2020 Romanum
498 1983 706 2032 imperium
742 1986 815 2018 aut
851 1994 960 2031 spem
996 1980 1147 2017 nullam
1185 1979 1305 2016 aliam
1341 1992 1422 2016 esse
1457 1979 1552 2017 satis

235 2045 471 2082 declarabat.
529 2046 563 2081 2.
593 2044 743 2081 Tamen
770 2043 900 2080 consu]
924 2043 1027 2079 alter
1045 2041 1217 2091 equestri
1242 2042 1388 2091 proelio
1407 2054 1485 2078 uno
1511 2044 1551 2077 et

237 2107 397 2144 vulnere
433 2119 502 2143 suo
540 2107 718 2143 minutus
749 2106 859 2142 trahi
890 2118 971 2142 rem
1001 2105 1197 2151 malebat3
1234 2103 1399 2140 recentis
1428 2102 1551 2139 animi

236 2168 338 2205 alter
356 2180 476 2217 eoque
495 2168 657 2205 ferocior
675 2167 826 2203 nullam
842 2165 1068 2203 dilationem
1089 2165 1328 2214 patiebatur.
1385 2165 1419 2201 3.
1441 2163 1550 2208 Quod

237 2232 342 2266 inter
361 2229 541 2266 Trebiam
563 2229 793 2278 Padumque
811 2228 898 2277 agri
925 2231 984 2264 est
1002 2227 1106 2263 Galli
1134 2230 1221 2262 tum
1249 2225 1481 2272 incolebant,
1509 2224 1550 2260 in

238 2291 401 2328 duorum
419 2290 736 2340 praepotentium
755 2289 985 2339 populorum
1005 2287 1218 2325 certamine
1237 2299 1306 2336 per
1324 2287 1548 2334 ambiguum

239 2353 414 2391 favorem
451 2351 560 2389 haud
596 2352 711 2388 dubie
748 2351 920 2401 gratiam
956 2349 1114 2387 victoris
1150 2351 1383 2398 spectantes.
1439 2348 1475 2384 4.
1504 2345 1550 2384 Id
