1679 2553
205 113 254 149 24
758 123 863 159 va,
893 123 962 148 xxl

146 231 188 263 23
204 229 404 266 superasse
441 217 663 265 Pyrenaeos
700 215 854 252 montis.
927 216 961 251 5.
1001 215 1125 259 Quem
1171 218 1217 251 ut
1259 216 1305 252 de
1343 214 1523 252 Rhodani

150 295 186 323 15
204 292 357 329 quoque
375 279 549 315 transitu
577 278 730 327 agitare
757 277 1050 323 animadvertit,
1079 277 1264 324 incertus,
1292 290 1460 326 quonam
1489 278 1523 314 ei

170 371 173 373 .
204 342 285 378 loco
304 343 535 386 occurreret,
555 339 718 376 necdum
738 339 834 376 satis
848 339 1004 375 refectis
1016 339 1065 375 ab
1079 339 1290 376 iactatione
1309 340 1525 376 marituma

204 404 406 450 militibus,
440 406 636 439 trecentos
667 401 828 438 interim
860 401 1028 437 delectos
1055 401 1205 450 equites
1233 401 1394 438 ducibus
1422 401 1525 437 Mas-

203 465 422 502 siliensibus
469 467 508 500 et
554 463 810 500 auxiliaribus
850 462 976 499 Gallis
1018 461 1067 498 ad
1110 462 1350 512 exploranda
1391 463 1524 499 omnia

205 526 457 575 visendosque
476 538 525 562 ex
543 528 631 561 tuto
650 524 780 561 hostes
799 523 1034 572 praemittit.
1091 523 1125 560 6.
1158 524 1362 560 Hannibal
1387 524 1527 561 ceteris

149 600 187 628 20
204 592 312 625 metu
332 591 404 624 aut
424 587 551 637 pretio
567 586 717 635 pacatis
734 585 813 622 iam
832 585 874 622 in
887 585 1103 621 Volcarum
1121 590 1356 634 pervenerat
1374 599 1524 635 agrum,

204 650 332 698 gentis
351 649 512 685 validae.
557 648 701 684 Colunt
726 649 861 683 autem
890 646 990 683 circa
1019 650 1229 695 utramque
1262 648 1390 696 ripam
1423 648 1525 684 Rho-

204 711 319 758 (lani,
362 711 426 747 secl
457 710 570 747 diffisi
608 709 788 746 citeriore
824 721 919 758 agro
951 709 1075 745 arceri
1112 709 1285 745 Poenum
1322 722 1441 758 posse,
1479 712 1526 745 ut

205 774 350 810 ssumen
370 786 440 822 pro
459 772 705 808 munimento
724 771 924 817 haberent,
952 771 1132 807 omnibus
1158 771 1281 807 ferme
1309 771 1387 808 suis
1413 774 1526 808 trans

206 835 444 871 Rhodanum
463 834 638 870 traiectis
665 833 892 870 ulteriorem
920 833 1045 882 ripam
1075 833 1202 869 amnis
1229 833 1349 869 armis
1375 833 1524 869 obtine-

149 909 187 938 25
204 897 312 934 bant.
384 895 417 934 7.
449 896 606 933 Ceteros
649 895 799 932 accolas
841 895 1014 931 fluminis
1061 895 1268 931 Hannibal
1307 898 1347 931 et
1393 907 1523 931 eorum

203 960 386 1008 ipsorum,
409 971 505 1008 quos
532 957 638 995 sedes
657 970 750 994 suae
769 961 995 1003 tenuerant,
1016 956 1132 993 simul
1159 956 1313 1006 perlicit
1340 956 1450 993 (lonis
1476 956 1526 993 ad

204 1033 326 1058 naves
356 1021 529 1069 undique
559 1020 843 1057 contrahendas
872 1019 1210 1067 fabricandasque,
1240 1018 1357 1055 simul
1385 1021 1425 1055 et
1453 1018 1527 1067 ipsi

204 1083 319 1120 traici
350 1083 564 1120 exercitum
598 1082 799 1130 levarique
827 1094 947 1130 quam
984 1080 1154 1129 primum
1186 1081 1382 1129 regionem
1414 1093 1523 1117 suam

203 1149 322 1182 tanta
341 1145 545 1181 hominum
565 1148 730 1193 urgente
749 1145 870 1180 turba
890 1143 1110 1192 cupiebant.
1161 1143 1198 1179 8.
1226 1143 1369 1192 Itaque
1387 1142 1526 1192 ingens

149 1218 188 1247 30
205 1211 339 1244 coacta
372 1207 430 1243 vis
462 1206 624 1242 navium
662 1209 721 1243 est
757 1205 1017 1253 lintriumque
1053 1207 1202 1241 temere
1239 1204 1289 1241 ad
1321 1205 1527 1242 vicinalem

205 1282 319 1306 usum
339 1272 596 1318 paratarum3
626 1279 823 1316 novasque
849 1267 947 1303 alias
965 1266 1137 1315 primum
1165 1266 1270 1303 Galli
1297 1267 1526 1304 inchoantes

205 1331 402 1368 cavabant
430 1343 476 1367 ex
508 1330 670 1379 singulis
701 1330 917 1376 arboribus,
984 1329 1017 1366 9.
1049 1328 1186 1365 deinde
1217 1333 1255 1365 et
1282 1329 1357 1378 ipsi
1384 1329 1527 1366 milites

205 1393 320 1429 simul
340 1393 449 1442 copia
477 1391 811 1437 materiaesimul
839 1391 1033 1428 facilitate
1061 1391 1188 1440 operis
1214 1390 1366 1428 inducti
1397 1391 1526 1428 alveos

204 1454 402 1501 informes,
441 1454 552 1501 nihil,
592 1453 802 1490 dummodo
839 1453 980 1490 innare
1010 1465 1136 1502 aquae
1167 1456 1206 1490 et
1240 1465 1377 1503 capere
1408 1466 1526 1490 onera

150 1526 188 1554 35
204 1520 372 1566 possent,
393 1520 588 1562 curantes,
609 1516 768 1565 raptim,
798 1515 940 1564 quibus
967 1527 1007 1551 se
1035 1527 1184 1563 suaque
1210 1514 1525 1563 transveherent,

205 1579 413 1616 faciebant.

149 1700 189 1730 27·
258 1697 423 1736 XXVII.
455 1700 621 1747 Iamque
643 1698 823 1735 omnibus
841 1697 938 1734 satis
955 1696 1179 1746 conparatis
1198 1696 1248 1733 ad
1267 1696 1526 1733 traiciendum

204 1762 409 1798 terrebant
438 1773 485 1797 ex
512 1761 672 1797 adverso
699 1760 830 1797 hostes
856 1771 1011 1796 omnem
1038 1759 1165 1807 ripam
1198 1758 1348 1807 equites
1376 1758 1528 1808 virique

205 1823 438 1860 obtinentes.
496 1824 530 1859 2.
561 1823 666 1868 Quos
695 1826 740 1859 ut
770 1825 979 1868 averteret,
1019 1821 1260 1858 Hannonem
1297 1820 1529 1857 Bomilcaris

206 1886 330 1921 filium
363 1885 497 1934 vigilia
532 1885 660 1934 prima
692 1884 817 1921 noctis
849 1897 936 1920 cum
965 1886 1079 1933 parte
1112 1883 1323 1931 copiarum,
1357 1882 1527 1920 maxime
1571 1892 1575 1895 ’

171 1957 188 1984 5
209 1947 410 1995 Hispanis,
427 1946 590 1983 adverso
605 1946 765 1982 flumine
779 1946 836 1983 ire
847 1946 924 1983 iter
938 1945 1054 1982 unius
1066 1944 1140 1981 diei
1155 1943 1263 1981 iubet
1278 1947 1329 1990 et,
1369 1943 1440 1994 (3.)
1459 1944 1527 1980 ubi

206 2009 377 2059 primum
391 2008 522 2057 possit,
539 2020 658 2057 quam
671 2007 926 2044 occultissime
941 2007 1105 2043 traiecto
1120 2005 1228 2042 amni
1242 2004 1526 2043 circumducere

207 2082 359 2118 agmen,
396 2073 453 2115 ut,
483 2082 572 2106 cum
600 2082 696 2118 opus
715 2068 820 2106 facto
849 2069 911 2115 sit,
941 2068 1145 2105 adoriatur
1172 2067 1220 2104 ab
1248 2070 1358 2116 tergo
1385 2067 1524 2104 hostes.

207 2132 242 2168 4.
274 2131 337 2167 Ad
365 2131 404 2167 id
432 2131 515 2168 dati
543 2131 657 2168 duces
684 2131 790 2168 Galli
822 2130 993 2176 edocent,
1026 2129 1115 2166 inde
1146 2128 1253 2165 milia
1283 2129 1454 2178 quinque
1485 2132 1526 2165 et

206 2193 349 2242 viginti
388 2192 511 2229 ferme
547 2205 667 2242 supra
703 2205 848 2242 parvae
880 2192 1031 2228 insulae
1061 2189 1340 2227 circumfusum
1369 2202 1526 2227 amnem

153 2266 188 2295 10
208 2255 360 2301 latiore,
381 2254 449 2291 ubi
468 2254 728 2301 dividebatur,
757 2267 878 2304 eoque
906 2254 1035 2290 minus
1063 2253 1143 2289 alto
1171 2252 1282 2289 alveo
1311 2252 1523 2289 transitum

208 2317 420 2355 ostendere.
469 2317 503 2353 5.
535 2316 598 2353 Ibi
618 2316 763 2374 raptim
783 2328 894 2353 caesa
913 2315 1080 2352 materia
1098 2318 1280 2364 ratesque
1297 2313 1526 2370 fabricatae,
