1679 2553
641 129 704 156 cn.
737 129 843 165 nvn„
875 129 985 157 tvm.
1425 122 1473 156 55

155 230 316 276 repente
350 227 564 266 victoribus
591 228 724 275 datur,
752 230 799 265 ut
830 230 1038 279 tamquam
1068 229 1108 265 vi
1139 231 1294 278 captam
1333 229 1466 265 urbem
1499 239 1538 269 57

154 287 379 338 diriperent.
439 289 496 326 14.
527 289 667 338 Neque
698 288 792 335 ulla,
826 301 927 339 quae
954 289 998 326 in
1030 289 1103 326 tali
1136 302 1178 327 re
1210 290 1472 326 memorabilis

153 350 411 388 scribentibus
430 350 552 388 videri
569 351 678 397 solet,
698 351 975 400 praetermissa
993 351 1120 388 clades
1134 355 1193 388 est
1207 365 1217 399 3
1239 351 1333 388 adeo
1348 353 1472 389 omnis

153 411 324 449 libidinis
349 411 671 461 crudelitatisque
697 414 737 449 et
763 411 1004 449 inhumanae
1031 412 1236 462 superbiae
1264 412 1412 449 editum
1431 412 1472 450 in

153 473 312 511 miseros
346 473 567 523 exemplum
599 476 670 511 est.
726 473 816 511 Hae
843 474 956 511 fuere
987 474 1175 511 hibernae
1208 474 1473 523 expeditiones
1496 486 1536 516 45

154 534 406 572 Hannibalis.

204 650 354 690 LVIII.
397 653 519 690 Haud
561 653 668 702 longi
709 652 801 691 inde
843 653 1042 703 temporis,
1080 653 1172 690 dum
1209 653 1473 690 intolerabilia
1494 657 1536 688 58

152 714 301 764 frigora
320 720 447 762 erant,
468 715 576 765 quies
596 715 713 752 militi
732 715 828 752 data
846 719 918 763 est,
966 716 1000 752 2.
1030 718 1070 752 et
1089 716 1139 751 ad
1156 715 1283 764 prima
1295 728 1341 752 ac
1356 716 1474 752 dubia

151 776 264 826 signa
291 776 393 814 veris
418 776 618 826 profectus
644 789 691 814 ex
721 776 895 814 hibernis
923 777 963 813 in
994 777 1200 814 Etruriam
1232 776 1351 823 ducit,
1385 789 1473 813 eam

151 849 304 887 quoque
335 841 505 887 gentem,
538 837 639 875 sicut
668 838 801 875 Gallos
836 838 1089 887 Liguresque,
1120 842 1192 874 aut
1224 838 1264 874 vi
1293 842 1366 875 aut
1395 838 1473 874 vol-

152 902 293 936 untate
329 898 600 936 adjuncturus.
667 899 702 936 3.
732 899 1017 936 Transcuntem
1054 899 1340 948 Appenninum
1378 899 1472 936 adeo
1493 907 1511 937 5

151 964 266 998 atrox
294 960 434 997 adorta
466 965 680 1010 tempestas
709 964 780 1006 est,
814 964 860 997 ut
894 961 1059 1010 Alpium
1092 973 1212 1010 prope
1245 960 1473 997 foeditatem

150 1024 405 1072 superaverit.
462 1022 597 1060 Vento
616 1022 762 1059 mixtus
780 1022 905 1059 imber
923 1035 1014 1059 cum
1032 1022 1206 1059 ferretur
1224 1023 1267 1059 in
1285 1023 1370 1071 ipsa
1389 1035 1470 1068 ora,

150 1084 287 1133 primo,
306 1084 399 1133 quia
418 1087 490 1120 aut
509 1096 621 1120 arma
640 1083 859 1120 omittenda
879 1087 1006 1129 erant,
1028 1087 1100 1121 aut
1119 1087 1258 1121 contra
1277 1084 1472 1120 enitentes

149 1146 295 1183 vertice
321 1146 462 1183 intorti
489 1145 790 1195 adfligebantur,
810 1146 1019 1182 constitere
1033 1159 1042 1192 ;
1099 1146 1133 1182 4.
1164 1146 1264 1191 (lein,
1285 1158 1371 1181 cum
1392 1145 1470 1181 iam

148 1207 331 1257 spiritum
357 1206 574 1244 includeret
602 1219 671 1244 nec
699 1207 937 1256 reciprocare
964 1207 1140 1244 animam
1168 1208 1323 1253 sineret,
1345 1206 1472 1243 aversi
1493 1213 1530 1243 10

149 1281 174 1306 a
201 1272 319 1307 vento
346 1280 558 1319 parumper
587 1268 802 1305 consedere.
879 1269 914 1305 5.
944 1269 1045 1305 Tum
1075 1281 1164 1305 vero
1193 1269 1347 1318 ingenti
1378 1280 1470 1304 sono

147 1331 298 1369 caelum
326 1334 499 1380 strepere
527 1333 567 1368 et
594 1330 699 1367 inter
729 1329 940 1367 horrendos
968 1329 1143 1379 fragores
1172 1330 1315 1366 micare
1334 1330 1444 1378 ignes
1458 1342 1469 1376 5

148 1392 255 1442 capti
273 1392 434 1429 auribus
452 1395 492 1429 et
506 1391 626 1429 oculis
641 1394 749 1428 metu
761 1403 894 1428 omnes
908 1395 1064 1440 torpere
1078 1404 1089 1438 3
1120 1392 1153 1428 6.
1175 1390 1335 1427 tandem
1350 1390 1470 1427 effuso

147 1453 284 1501 imbre,
312 1466 401 1491 cum
429 1466 473 1490 eo
499 1454 625 1502 magis
651 1465 813 1490 accensa
841 1453 899 1489 vis
927 1453 1036 1490 venti
1062 1457 1174 1499 esset,
1194 1453 1276 1502 ipso
1295 1453 1369 1499 illo,
1392 1464 1468 1502 quo

147 1515 327 1565 deprensi
353 1518 482 1562 erant,
509 1514 592 1552 loco
618 1518 750 1551 castra
777 1526 920 1564 ponere
947 1515 1208 1552 necessarium
1236 1515 1364 1551 visum
1396 1518 1464 1551 est.
1492 1517 1529 1546 15

149 1577 184 1615 7.
213 1577 265 1614 Id
291 1589 382 1614 vero
408 1575 554 1613 laboris
581 1575 691 1613 velut
720 1575 767 1612 de
794 1576 950 1625 integro
976 1576 1135 1612 initium
1156 1575 1256 1612 fuit:
1287 1589 1379 1612 nam
1398 1588 1468 1612 nec

143 1638 337 1688 explicare
348 1638 558 1687 quicquam
573 1649 644 1674 nec
655 1640 830 1674 statuere
844 1640 1042 1686 poterant,
1056 1650 1137 1683 uec,
1154 1637 1257 1686 quod
1271 1640 1467 1674 statutum

142 1703 255 1747 esset,
283 1699 483 1745 manebat,
511 1699 644 1736 omnia
671 1698 941 1748 perscindente
968 1702 1087 1735 vento
1114 1704 1154 1736 et
1183 1698 1373 1748 rapiente,
1430 1698 1466 1736 S.

143 1764 184 1799 et
211 1773 302 1798 mox
329 1773 432 1810 aqua
459 1761 592 1797 levata
620 1764 738 1797 vento
764 1772 852 1796 cum
878 1772 996 1809 super
1014 1760 1141 1809 gelida
1161 1761 1356 1797 montium
1373 1761 1467 1810 iuga

143 1826 325 1860 concreta
344 1824 456 1868 esset,
476 1825 637 1859 tantum
656 1821 816 1859 nivosae
834 1822 1039 1870 grandinis
1057 1822 1206 1869 deiecit,
1223 1828 1269 1859 ut
1288 1823 1467 1859 omnibus
1489 1832 1528 1862 20

141 1884 291 1921 omissis
309 1883 609 1932 procumberent
627 1883 803 1920 homines
828 1883 1069 1932 tegminibus
1095 1884 1175 1921 suis
1193 1884 1317 1933 magis
1336 1884 1467 1920 obruti

141 1957 261 1994 quam
280 1945 375 1981 tecti
388 1958 400 1992 3
449 1944 481 1983 9.
512 1947 707 1994 tantaque
726 1944 784 1981 vis
805 1943 964 1994 frigoris
984 1944 1160 1982 insecuta
1179 1949 1251 1992 est,
1271 1949 1317 1982 ut
1337 1957 1384 1982 ex
1398 1945 1467 1981 issa

142 2005 355 2043 miserabili
379 2005 582 2042 hominum
605 2006 949 2054 iumentorumque
973 2010 1106 2056 strage
1133 2019 1222 2043 cum
1246 2019 1287 2044 se
1305 2007 1468 2056 quisque

142 2067 325 2105 attollere
356 2080 402 2105 ac
433 2067 566 2105 levare
598 2067 728 2115 vellet,
759 2067 826 2104 diu
863 2068 1055 2116 nequiret,
1089 2068 1182 2118 quia
1218 2068 1468 2118 torpentibus

141 2130 270 2180 rigore
296 2130 428 2167 nervis
455 2130 521 2167 vix
548 2128 703 2166 flectere
730 2132 843 2165 artus
869 2133 1066 2178 poterant.
1138 2131 1197 2167 10.
1228 2130 1392 2176 Deinde,
1420 2134 1467 2166 ut
1490 2135 1530 2166 25

141 2191 306 2228 tandem
332 2190 517 2241 agitando
544 2202 626 2228 sese
652 2201 811 2228 movere
839 2203 885 2227 ac
912 2191 1084 2240 recipere
1115 2192 1265 2228 animos
1297 2195 1337 2228 et
1366 2191 1466 2228 raris

141 2251 234 2289 locis
257 2252 360 2302 ignis
384 2252 470 2290 fieri
491 2256 551 2290 est
574 2256 746 2302 coeptus,
772 2252 822 2289 ad
848 2253 1019 2290 alienam
1043 2266 1155 2303 opem
1174 2254 1338 2303 quisque
1355 2253 1467 2302 inops

146 2314 318 2352 tendere.
376 2314 436 2351 11.
466 2313 638 2351 Biduum
655 2327 699 2350 eo
717 2313 800 2351 loco
818 2314 927 2352 velut
945 2315 1088 2353 obsessi
1107 2327 1297 2353 mansere.
1344 2314 1466 2352 Multi
