1679 2553
658 156 721 186 cn.
754 159 846 193 mv„
876 158 935 184 LV.
1408 145 1451 182 51

137 251 257 288 oculis
268 251 536 301 perlustravit,
554 252 576 271 “
591 250 654 288 hio
669 250 745 287 erit
759 248 899 296 locus,’'
913 248 1078 298 Magoni
1089 247 1210 285 fratri
1222 247 1290 293 ait,
1305 249 1328 268 ‘⁴
1340 259 1454 296 quem

138 316 284 350 teneas.
358 313 392 349 2.
423 312 562 361 Delige
597 314 780 349 centenos
816 310 919 347 viros
948 322 997 347 ex
1030 308 1137 346 omni
1171 309 1300 358 pedite
1337 311 1456 356 atque

138 375 280 423 equite,
301 387 388 411 cum
408 374 550 423 quibus
577 372 627 410 ad
647 384 709 410 me
738 372 871 422 vigilia
899 371 1027 421 prima
1056 372 1214 418 venias3
1244 383 1349 407 nunc
1378 382 1457 406 cor-

137 450 233 487 pora
278 449 418 474 curare
461 439 618 485 tempus
653 435 747 472 est.''
818 435 851 474 3.
883 435 951 471 Ita
989 435 1233 484 praetorium
1280 433 1454 470 missum.

139 499 235 536 Mox
254 511 343 536 cum
362 498 520 535 delectis
540 496 661 546 Mago
679 497 829 534 aderat.
890 499 910 516 ‘⁴
928 496 1086 532 Robora
1114 495 1290 533 virorum
1309 494 1456 539 cern0,'’

138 560 268 610 inquit
287 559 494 597 Hannibal
507 573 517 606 3
539 562 561 579 “
576 558 642 596 sed
662 559 722 595 uti
749 570 913 595 numero
932 559 1051 594 etiam
1070 569 1150 594 non
1178 556 1320 594 animis
1347 555 1456 593 modo

137 621 313 666 valeatis,
351 620 516 670 singulis
553 620 661 657 vobis
706 631 876 657 novenos
911 631 960 655 ex
995 621 1139 656 turmis
1170 617 1453 667 manipulisque

137 683 257 720 vestri
275 683 419 719 similes
447 682 591 730 eligite.
650 682 769 730 Mago
789 681 917 718 locum
946 680 1196 726 monstrabit,
1218 691 1335 729 quem
1367 678 1454 715 insi-

137 747 262 785 deatis
273 760 283 794 3
312 747 463 784 hostem
483 759 639 783 caecum
660 745 710 782 ad
730 746 798 782 has
819 745 908 781 belli
936 748 1042 781 artes
1061 743 1251 780 habetis?
1324 743 1359 779 4.
1390 743 1457 779 Ita

138 809 307 858 Magone
354 820 442 844 cum
488 808 594 844 mille
639 807 848 857 equitibus,
896 805 1001 842 mille
1048 805 1243 854 peditibus
1287 804 1454 849 dimisso,

137 870 344 906 Hannibal
364 870 490 918 prima
511 869 595 905 luc-e
614 868 808 905 Numidas
826 867 976 917 equites
994 870 1257 915 transgressos
1275 865 1456 902 Trebiam

137 932 284 969 fiumen
321 931 550 980 obequitare
583 930 693 966 iubet
730 929 902 966 hostium
934 928 1057 978 portis
1094 927 1379 976 iaculandoque
1415 925 1456 962 in

137 993 326 1030 stationes
353 993 491 1030 elicere
519 992 569 1028 ad
602 1004 776 1041 pugnam
805 990 969 1036 hostem,
997 989 1141 1026 iniecto
1169 988 1306 1025 deinde
1334 991 1455 1025 certa-

138 1055 241 1091 mine
274 1054 441 1091 cedendo
470 1054 612 1091 sensim
640 1053 740 1089 citra
780 1051 925 1088 flumen
964 1050 1203 1100 pertrahere.
1279 1051 1314 1086 5.
1346 1050 1457 1086 Haec

137 1117 326 1152 mandata
363 1114 548 1152 Numidis
565 1127 574 1161 3
617 1114 754 1150 ceteris
790 1113 952 1149 ducibus
988 1111 1165 1161 peditum
1202 1110 1456 1160 equitumque

137 1181 399 1227 praeceptum,
429 1181 473 1212 ut
512 1175 707 1225 prandere
735 1187 868 1211 omnes
896 1175 1090 1220 iuberent,
1119 1176 1293 1209 armatos
1320 1172 1455 1208 deinde

137 1239 394 1287 instratisque
422 1238 532 1287 equis
559 1238 716 1285 signum
746 1239 964 1286 expectare.

191 1301 226 1338 6.
257 1299 508 1349 Sempronius
523 1298 570 1334 ad
586 1298 805 1334 tuinultum
825 1296 1090 1333 Numidarum
1111 1296 1282 1346 primum
1302 1308 1453 1333 omnem

135 1361 367 1410 equitatum,
388 1359 499 1397 ferox
518 1373 563 1396 ea
584 1364 694 1408 parte
715 1359 868 1404 virium,
891 1358 1029 1395 deinde
1047 1370 1113 1394 sex
1138 1357 1246 1393 milia
1266 1357 1451 1406 peditum,

135 1427 329 1471 postremo
365 1434 496 1457 omnes
533 1421 662 1469 copias
694 1420 745 1457 ad
779 1420 1021 1457 destinatum
1058 1419 1138 1455 iam
1175 1422 1270 1456 ante
1300 1418 1456 1454 consilio

136 1485 272 1522 avidus
292 1484 518 1521 certaminis
538 1484 683 1521 eduxit.
744 1482 777 1519 7.
809 1482 909 1519 Erat
927 1482 1030 1519 forte
1050 1483 1213 1518 brumae
1231 1485 1388 1530 tempus
1415 1485 1453 1518 et

136 1548 276 1584 nivalis
296 1547 375 1583 dios
394 1547 435 1582 in
454 1546 544 1582 locis
574 1545 743 1593 Alpibus
771 1545 1086 1594 Appenninoque
1112 1543 1338 1589 interiectis,
1368 1556 1452 1592 pro-

138 1610 360 1660 pinquitate
379 1608 498 1644 etiam
521 1608 727 1643 fluminum
745 1620 790 1643 ac
805 1607 1009 1656 paludium
1025 1605 1267 1655 praegelidis.
1325 1605 1359 1641 8.
1390 1605 1454 1640 Ad

138 1673 207 1709 hoc
226 1671 371 1720 raptim
400 1669 548 1707 eductis
576 1669 800 1705 hominibus
827 1673 947 1718 atque
975 1669 1085 1717 equis
1111 1680 1191 1704 non
1218 1670 1333 1715 capto
1361 1670 1455 1702 ante

136 1733 232 1778 cibo,
253 1745 331 1768 non
352 1743 424 1780 ope
442 1731 524 1767 ulla
545 1730 593 1766 ad
615 1730 827 1766 arcendum
846 1729 972 1777 frigus
991 1728 1181 1774 adhibita,
1202 1727 1301 1764 nihil
1320 1727 1456 1763 caloris

136 1795 279 1839 inerat,
313 1796 353 1829 et
386 1791 573 1840 quidquid
610 1803 732 1828 aurae
765 1790 937 1826 fluminis
973 1789 1358 1839 adpropinquabant,
1387 1787 1452 1825 ad-

137 1856 261 1892 flabat
286 1854 412 1891 acrior
439 1853 596 1903 frigoris
615 1852 683 1889 vis.
742 1852 775 1889 9.
809 1852 867 1889 Ut
886 1864 978 1888 vero
1000 1851 1241 1901 refugientes
1260 1850 1454 1887 Numidas

138 1918 388 1966 insequentes
407 1927 548 1965 aquam
569 1914 733 1963 ingressi
760 1917 949 1951 sunt—et
976 1916 1063 1951 erat
1090 1912 1311 1962 pectoribus
1337 1915 1455 1949 tenus

136 1981 254 2015 aucta
273 1980 465 2014 nocturno
484 1975 743 2012 imbri—tum
772 1974 907 2023 utique
934 1973 1095 2023 egressis
1122 1972 1455 2022 rigere-omnibus

136 2052 308 2088 corpora,
343 2041 389 2074 ut
426 2037 494 2074 vix
523 2048 723 2074 armorum
761 2036 1019 2072 tenendorum
1056 2034 1231 2084 potentia
1268 2037 1380 2080 esset,
1413 2037 1455 2071 et

138 2099 253 2138 simul
290 2098 522 2136 lassitudine
553 2100 594 2134 et
626 2097 855 2147 procedente
887 2097 967 2133 iam
999 2095 1060 2132 die
1092 2095 1196 2132 fame
1233 2095 1352 2132 etiam
1390 2095 1451 2132 de·

136 2163 257 2199 ficere.

193 2278 271 2316 LV.
296 2278 538 2315 Hannibalis
557 2278 717 2314 interim
736 2277 845 2313 miles
863 2277 1019 2326 ignibus
1037 2279 1131 2312 ante
1148 2276 1320 2312 tentoria
1339 2275 1457 2312 factis

137 2341 297 2390 oleoque
320 2353 389 2390 per
409 2339 638 2389 manipulos,
659 2341 705 2375 ut
724 2338 922 2375 mollirent
939 2341 1064 2383 artus,
1084 2337 1198 2374 misso
1216 2340 1257 2374 et
1283 2336 1367 2373 cibo
1384 2347 1453 2385 per

1492 567 1529 598 10

1488 871 1527 901 15

1487 1175 1525 1205 20

1484 1490 1523 1519 25

1485 1793 1525 1823 30

1484 2104 1523 2135 35

1483 2269 1524 2301 55
