1679 2553
657 157 720 184 011.
753 156 829 192 xx„
860 155 940 183 xxi.
1407 144 1453 183 19

138 256 236 302 post,
256 263 374 300 quam
395 250 568 288 eonsules
586 250 627 287 in
645 250 866 301 provincias
884 249 1048 299 profecti
1067 254 1191 287 erant.
1242 251 1456 288 Civitatem
1477 263 1518 294 20

138 326 287 350 omnem
303 313 573 363 expectatione
584 312 677 349 belli
689 316 859 349 erectam
871 311 1124 356 invenerunt,
1139 312 1234 349 satis
1249 315 1456 349 constante

139 375 244 412 fama
264 376 342 412 iam
364 375 557 412 Hiberum
579 375 726 411 Poenos
745 374 944 412 transisse.

1479 321 1518 349 26

189 493 293 532 XXI.
324 495 531 531 Hannibal
565 494 742 543 Sagunto
773 498 889 543 capto
919 494 1201 543 Carthaginem
1230 494 1385 531 Novam
1413 494 1456 530 in
1477 500 1516 530 21

137 557 300 594 hiberna
329 560 570 593 concesserat
599 556 730 604 ibique
762 555 922 601 auditis,
953 568 1055 604 quae
1094 555 1244 592 Romae
1281 568 1455 604 quaeque

138 618 378 668 Carthagine
398 622 488 654 acta
507 618 739 666 decretaque
767 615 910 663 forent,
940 629 1057 666 seque
1076 630 1155 654 non
1175 617 1311 653 ducem
1332 617 1454 653 solum

136 681 200 717 sed
237 680 355 717 etiam
401 692 558 716 causam
597 691 678 715 esse
722 678 826 725 belli,
855 679 1129 776 }2·22·E²}{ffiffis
1171 678 1456 727 divenditisque

137 742 308 790 reliquiis
344 741 512 790 praedae
544 740 644 777 nihil
688 740 796 776 ultra
858 753 870 775 1
901 752 994 776 eren
1034 754 1089 776 1111
1131 744 1243 776 ratus
1284 740 1453 790 Hispani

136 804 287 853 generis
306 803 450 840 milites
469 806 664 840 convocat.
715 803 749 839 3.
778 802 933 839 “Credo
952 815 1021 851 ego
1042 801 1141 848 vos,'’
1157 802 1298 850 inquit,
1321 802 1454 848 “socii,

136 870 176 902 et
205 866 307 914 ipsos
334 878 502 911 cernere,
534 865 685 914 pacatis
717 864 897 901 omnibus
935 863 1156 913 Hispaniae
1193 863 1345 912 populis
1382 868 1452 899 aut

136 927 348 964 finiendam
369 926 479 963 nobis
505 926 690 963 militiam
709 925 979 973 exercitusque
999 925 1252 962 dimittendos
1271 938 1363 972 esse,
1384 928 1456 961 aut

136 988 177 1025 in
210 988 309 1025 alias
341 993 467 1025 terras
498 987 820 1024 transferendum
859 987 1027 1034 bellum3
1085 987 1118 1023 4.
1150 987 1207 1023 ita
1242 987 1346 1023 enim
1384 987 1456 1023 hae

137 1054 272 1099 gentes
290 1062 367 1086 non
387 1051 494 1098 pacis
515 1049 638 1086 solum
667 1049 733 1086 sed
761 1048 882 1085 etiam
909 1049 1095 1085 vict01iac
1114 1048 1226 1084 bonis
1247 1048 1454 1093 florebunt,

136 1112 168 1148 si
186 1124 235 1148 ex
253 1111 340 1148 111115
359 1111 543 1160 gentibus
562 1111 748 1160 praedam
767 1114 808 1147 et
826 1110 949 1159 g101ia
1040 1122 1255 1146 uaeremus.
1306 1110 1340 1147 5.
1371 1110 1455 1147 Ita-

136 1186 211 1223 que
230 1151 319 1219 (11ὲῷ
336 1172 550 1221 longinqua
576 1186 600 1208 a
627 1172 739 1209 domo
766 1173 887 1208 instet
916 1123 1074 1217 niifflga,
1100 1171 1373 1219 incertumque
1392 1171 1455 1217 sit,

136 1235 292 1284 quando
322 1235 452 1271 domos
482 1238 632 1270 vestras
661 1237 701 1270 et
729 1246 830 1282 quae
859 1234 998 1282 cuique
1027 1233 1080 1269 ibi
1109 1245 1201 1269 cara
1220 1237 1314 1269 sunt
1334 1233 1454 1269 visuri

121 1297 232 1343 sitis,
265 1296 297 1332 si
326 1296 413 1345 quis
446 1299 619 1331 v·cstxum
650 1308 739 1332 suos
771 1295 937 1331 invisere
971 1294 1065 1342 volt,
1103 1298 1365 1331 commeatum
1395 1294 1454 1332 do.

138 1359 172 1395 6.
203 1358 336 1394 Primo
355 1370 445 1394 veie
465 1357 569 1394 edico
595 1357 742 1404 adsitis,
771 1360 817 1393 ut
811 1342 903 1401 ldis
930 1356 1027 1393 bene
1054 1356 1284 1392 iuvantibus
1311 1355 1457 1392 bellum

136 1420 307 1469 ingentis
322 1419 416 1468 glo
421 1431 467 1455 ae
486 1418 681 1477 p1aedaeq
752 1418 864 1454 suti
895 1418 1019 1454 minc'
1052 1417 1211 1454 iamus.''
1261 1418 1295 1454 7.
1326 1418 1458 1455 Omni-

137 1482 209 1518 bus
236 1480 317 1518 fere
337 1480 392 1516 vis
446 1479 485 1516 di
503 1461 633 1516 ciffis
643 1431 784 1537 οῲῑι
814 1493 836 1515 11
876 1492 918 1516 ro
945 1483 1012 1529 pot
1046 1483 1118 1516 tas
1146 1484 1262 1528 grata
1289 1483 1388 1526 erat,
1417 1484 1457 1516 et

137 1532 224 1596 iam}
235 1522 549 1579 desiderantibus
556 1514 709 1593 5110511013
728 1541 905 1590 loncrius'
896 1554 937 1578 111
958 1541 1071 1577 futur
1074 1554 1140 1577 um
1162 1541 1458 1590 providentibus

137 1604 387 1651 desiderium
438 1604 472 1640 8.
503 1603 580 1640 Per
593 1606 723 1640 totum
739 1607 893 1652 tempus
908 1603 1045 1640 hiemis
1060 1603 1169 1652 quies
1183 1604 1287 1639 inter
1306 1602 1458 1639 labores

136 1670 206 1704 aut
225 1667 304 1703 iam
325 1665 534 1702 exhaustos
553 1668 623 1701 aut
643 1677 732 1701 mox
760 1650 1277 1708 exhauriendoslienovavit
1296 1676 1457 1713 cor-poia

137 1728 363 1777 animosque
390 1727 440 1764 ad
467 1727 599 1763 omnia
629 1726 676 1763 de
703 1726 856 1775 integro
884 1726 1083 1775 patienda.
1142 1726 1244 1763 Vere
1263 1727 1389 1775 primo
1407 1726 1457 1762 ad

137 1790 308 1827 edictum
333 1801 558 1825 convenere.

192 1852 225 1888 9.
257 1850 475 1896 Hannibal,
495 1863 584 1886 cum
613 1850 866 1887 recensuisset
893 1850 1070 1886 omnium
1096 1849 1274 1899 gentium
1294 1849 1455 1895 auxilia,

137 1912 258 1950 Gadis
283 1911 483 1963 profectus
514 1911 679 1963 Herculi
706 1915 799 1948 vota
831 1911 997 1948 exsolvit
1030 1911 1214 1960 novisque
1243 1924 1281 1948 se
1311 1911 1458 1961 obligat

138 1975 249 2020 votis,
293 1973 327 2010 si
362 1977 493 2010 cetera
529 1985 710 2022 prospere
747 1973 979 2010 evenissent.
1056 1974 1115 2010 10.
1147 1973 1245 2009 Inde
1281 1974 1458 2023 partiens

137 2048 251 2073 curas
269 2035 385 2072 simul
404 2035 446 2071 in
464 2034 712 2072 inferendum
732 2038 852 2084 atque
871 2035 1084 2072 arcendum
1104 2034 1262 2082 bellum,
1281 2047 1343 2082 ne,
1364 2034 1458 2072 dum

137 2098 219 2147 ipse
254 2098 435 2135 terrestri
470 2109 540 2146 per
577 2096 815 2145 Hispaniam
854 2096 1081 2145 Galliasque
1119 2096 1260 2133 itinere
1294 2097 1457 2134 Italiam

138 2162 301 2208 peteret,
331 2158 439 2195 nuda
471 2161 688 2207 apertaque
718 2158 906 2195 Romanis
933 2153 1074 2194 Africa
1102 2159 1154 2195 ab
1183 2158 1314 2195 Sicilia
1343 2163 1456 2206 esset,

138 2220 267 2258 valido
293 2220 485 2270 praesidio
511 2220 670 2256 firmare
699 2232 786 2256 eam
816 2220 972 2256 statuit.
1032 2220 1090 2256 11.
1123 2220 1200 2257 Pro
1229 2233 1274 2257 eo
1306 2220 1457 2269 supple-

1480 1053 1517 1083 10

1480 1360 1516 1387 15

137 2286 316 2319 mentum
334 2282 416 2331 ipse
435 2293 483 2318 ex
502 2281 640 2317 Africa
666 2281 837 2317 maxime
865 2280 1140 2328 iaculatorum,
1160 2281 1306 2318 levium
1325 2281 1457 2329 armis,
1477 2290 1516 2319 30

138 2343 267 2395 petiit,
285 2346 332 2381 ut
348 2342 445 2380 Afri
461 2343 504 2380 in
524 2342 733 2392 Hispania,
755 2342 927 2391 Hispani
946 2342 989 2379 in
1007 2341 1157 2388 Africa,
1174 2342 1310 2379 melior
1324 2344 1457 2392 procul
