1679 2553
222 162 270 198 56
778 174 882 209 va,
912 174 992 200 xxl.

162 278 202 308 68
222 266 406 312 homines,
427 265 554 302 multa
572 265 762 312 iumenta,
783 264 985 315 elephanti
1004 277 1156 315 quoque
1174 278 1221 303 ex
1239 266 1297 313 iis,
1311 266 1378 316 qui
1396 267 1540 316 proelio

162 336 201 365 30
221 327 271 364 ad
289 328 471 364 Trebiam
489 327 595 365 facto
614 327 906 377 superfuerant,
925 331 1074 377 septem
1094 328 1306 377 absumpti.

161 467 201 498 59

162 1016 198 1046 10

163 1321 199 1349 15

160 1946 197 1975 25

158 2250 197 2279 30

274 447 374 485 LIX.
406 448 622 497 Degressus
650 447 889 497 Appennino
923 450 1029 484 retro
1062 446 1110 483 ad
1135 446 1381 485 Placentiam
1409 451 1540 486 castra

222 511 343 547 movit
372 514 410 546 et
438 510 488 546 ad
516 510 647 547 decem
675 510 784 546 milia
810 522 1035 559 progressus
1062 508 1244 547 consedit.
1301 510 1463 548 Postero
1481 510 1542 548 die

222 572 421 610 duodecim
449 572 556 608 milla
583 571 760 621 peditum
787 571 959 621 quinque
987 571 1164 620 equitum
1186 570 1372 609 adversus
1391 572 1542 610 hostem

221 634 352 681 ducit3
410 634 443 670 2.
474 646 544 670 nec
574 633 824 683 Sempronius
855 632 1121 670 consul—iam
1153 633 1259 670 enim
1289 634 1459 671 redierat
1492 635 1542 671 ab

223 695 643 732 Roma—detrectavit
680 698 891 734 certamen.
965 695 1102 744 Atque
1139 707 1183 732 eo
1220 695 1280 732 die
1316 696 1396 732 tria
1435 696 1543 733 milia

222 770 408 808 passuum
435 757 541 793 inter
573 757 667 794 bina
696 761 826 794 castra
863 757 996 804 fuere3
1034 760 1187 804 postero
1220 757 1281 794 die
1317 757 1543 806 ingentibus

222 819 364 856 animis
380 819 487 855 vario
502 823 646 856 eventu
665 823 889 869 pugnatum
908 822 977 857 est.
1036 818 1070 858 3.
1101 819 1235 856 Primo
1250 832 1437 857 concursu
1450 820 1544 857 adeo

222 895 283 918 res
312 881 492 917 Romana
522 881 698 930 superior
726 881 815 928 fuit,
837 884 882 918 ut
902 893 980 918 non
999 882 1080 918 acie
1099 881 1302 928 vincerent
1321 881 1457 928 solum,
1477 888 1543 919 sed

222 943 352 993 pulsos
379 942 508 980 hostes
535 943 577 979 in
606 947 736 980 castra
764 948 1102 993 persequerentur,
1124 956 1215 981 mox
1240 947 1372 980 castra
1392 956 1544 994 quoque

222 1008 510 1054 oppugnarent.
559 1004 594 1043 4.
626 1005 833 1041 Hannibal
855 1005 987 1054 paucis
1006 1005 1363 1055 propugnatoribus
1381 1005 1424 1042 in
1442 1004 1545 1042 vallo

223 1067 423 1116 portisque
451 1067 586 1116 positis
615 1070 761 1104 ceteros
790 1066 986 1104 confertos
1012 1068 1054 1104 in
1083 1067 1210 1105 media
1238 1070 1368 1104 castra
1400 1068 1545 1117 recepit

223 1130 473 1178 intentosque
488 1129 644 1178 signum
658 1129 709 1166 ad
724 1129 1009 1178 erumpendum
1024 1133 1230 1179 expectare
1241 1129 1362 1167 iubet.
1399 1130 1433 1167 5.
1456 1130 1545 1166 Iam

223 1203 328 1227 nona
347 1190 469 1227 ferme
485 1191 560 1227 diei
576 1191 673 1227 hora
688 1195 787 1238 erat,
803 1204 892 1228 cum
908 1191 1112 1229 Romanus
1125 1191 1363 1240 nequiquam
1378 1190 1546 1240 fatigato

224 1252 359 1299 milite,
389 1256 599 1302 postquam
626 1253 738 1290 nulla
766 1265 852 1302 spes
878 1256 965 1290 erat
997 1253 1177 1303 potiundi
1207 1253 1354 1300 castris,
1388 1253 1544 1302 signum

226 1314 397 1364 receptui
424 1314 540 1351 dedit.
600 1314 633 1351 6.
665 1314 776 1359 Quod
803 1314 870 1351 ubi
899 1314 1105 1352 Hannibal
1125 1316 1273 1364 accepit
1291 1314 1546 1364 laxatamque

226 1389 399 1424 pugnam
414 1379 453 1413 et
468 1389 660 1413 recessum
673 1389 696 1413 a
711 1376 849 1413 castris
861 1376 971 1423 vidit,
985 1377 1181 1426 extemplo
1193 1376 1392 1425 equitibus
1407 1376 1546 1414 dextra

227 1437 411 1486 laevaque
439 1439 587 1475 emissis
614 1439 656 1475 in
686 1438 836 1475 hostem
855 1439 936 1488 ipse
955 1451 1044 1475 cum
1062 1438 1239 1488 peditum
1257 1439 1394 1476 robore
1413 1438 1547 1476 mediis

227 1500 362 1536 castris
381 1500 523 1549 erupit.
572 1499 607 1538 7.
637 1500 777 1549 Pugna
797 1513 886 1537 raro
906 1500 1031 1549 magis
1050 1500 1131 1537 ulla
1150 1513 1275 1550 aequa
1290 1504 1330 1538 et
1342 1501 1547 1550 utriusque

227 1561 349 1611 partis
368 1561 537 1610 pernicie
556 1562 697 1600 clarior
716 1561 866 1609 fuisset,
886 1562 918 1598 si
937 1562 1094 1599 extendi
1111 1575 1198 1600 eam
1218 1562 1298 1599 dies
1315 1562 1357 1599 in
1385 1563 1547 1613 longum

227 1626 396 1675 spatium
429 1626 602 1663 sivisset:
645 1637 722 1662 nox
762 1638 968 1663 accensum
1000 1626 1227 1676 ingentibus
1263 1627 1404 1663 animis
1440 1639 1547 1677 proe-

227 1691 321 1726 lium
341 1689 508 1726 diremit.
567 1691 602 1727 8.
631 1690 776 1739 Itaque
796 1690 921 1728 acrior
946 1703 1155 1728 concursus
1177 1690 1255 1728 fuit
1273 1704 1392 1741 quam
1413 1691 1548 1729 caedes

226 1755 277 1798 et,
298 1751 399 1788 sicut
418 1754 591 1800 aequata
611 1750 735 1788 ferme
756 1764 891 1801 pugna
909 1755 1010 1799 erat,
1029 1752 1087 1789 ita
1105 1752 1214 1790 clade
1233 1753 1319 1802 pari
1338 1753 1546 1790 discessum

225 1816 293 1850 est.
351 1812 416 1849 Ab
445 1816 589 1850 neutra
608 1816 725 1862 parte
744 1813 930 1851 sescentis
957 1814 1045 1863 plus
1070 1815 1266 1864 peditibus
1284 1819 1325 1853 et
1344 1815 1545 1853 dimidium

225 1875 308 1912 eius
336 1874 514 1923 equitum
542 1874 681 1912 cecidit
696 1888 706 1922 3
778 1875 810 1913 9.
842 1874 907 1912 sed
936 1877 1061 1913 maior
1094 1876 1284 1914 Romanis
1321 1890 1441 1927 quam
1477 1890 1547 1927 pro

225 1948 389 1974 numero
408 1936 563 1974 iactura
583 1937 673 1985 fuit,
694 1937 788 1986 quia
807 1938 1000 1987 equestris
1019 1938 1166 1976 ordinis
1177 1938 1327 1989 aliquot
1340 1942 1381 1976 et
1394 1939 1547 1976 tribuni

226 1998 396 2034 militum
426 1999 599 2048 quinque
627 2002 667 2036 et
695 1999 888 2048 praefecti
915 1999 1107 2038 sociorum
1124 2004 1205 2038 tres
1223 2003 1317 2038 sunt
1335 2001 1548 2038 interfecti.

229 2061 287 2097 10.
319 2059 541 2097 Secundum
567 2074 654 2098 eam
677 2074 852 2111 pugnam
880 2062 1088 2099 Hannibal
1115 2063 1157 2100 in
1176 2062 1351 2112 Ligures,
1374 2062 1549 2113 Sempro-

225 2121 314 2158 nius
342 2121 490 2159 Lucam
519 2123 716 2160 concessit.
771 2123 961 2161 Venienti
987 2123 1029 2161 in
1057 2124 1221 2174 Ligures
1243 2125 1462 2162 Hannibali
1479 2136 1549 2174 per

226 2182 385 2219 insidias
412 2183 623 2234 intercepti
651 2184 728 2222 duo
755 2188 983 2235 quaestores
1019 2185 1202 2232 Romani,
1232 2186 1273 2224 G.
1307 2186 1472 2224 Fulvius
1507 2189 1547 2224 et

226 2244 270 2281 L.
310 2244 532 2293 Lucretius,
570 2259 660 2283 cum
697 2246 847 2284 duobus
882 2247 1054 2285 tribunis
1090 2248 1262 2284 militum
1297 2251 1338 2285 et
1373 2248 1548 2298 quinque

226 2307 417 2354 equestris
445 2307 603 2355 ordinis,
624 2311 851 2346 senatorum
875 2307 997 2346 ferme
1016 2309 1158 2356 liberis,
1179 2322 1256 2358 quo
1274 2309 1397 2359 magis
1414 2313 1545 2347 ratam

225 2368 308 2405 fore
327 2381 414 2404 cum
433 2369 480 2405 iis
499 2382 632 2418 pacem
651 2370 955 2419 societatemque
973 2370 1158 2418 crederet,
1179 2371 1406 2410 traduntur.
