1679 2553
184 164 233 206 20
738 178 843 213 LIVY,
872 175 952 204 xx1.

125 279 165 311 21
184 271 234 308 ab
265 271 377 308 domo
410 270 570 307 futurus
603 273 769 319 uterque
800 270 922 316 miles,
956 269 1065 306 velut
1095 269 1243 305 mutuis
1276 268 1500 317 pigneribus

182 333 358 382 obligati,
414 331 609 381 stipendia
653 331 841 368 facerent.
902 332 961 368 12.
992 331 1190 368 Tredecim
1238 330 1345 366 milia
1382 330 1500 366 octin-

182 398 319 444 gentos
348 394 639 443 quinquaginta
668 394 818 443 pedites
849 397 1045 430 caetratos
1074 393 1180 429 misit
1200 392 1242 428 in
1262 391 1443 428 Africam
1462 395 1502 428 et

125 469 163 498 35
184 456 399 493 funditores
418 456 593 492 Baliares
621 456 866 504 octingentos
895 455 1162 505 septuaginta,
1183 453 1333 502 equites
1360 454 1502 490 mixtos

183 531 231 555 ex
248 517 384 554 multis
409 517 592 566 gentibus
621 517 726 553 mille
754 517 950 554 ducentos.
1011 517 1070 554 13.
1102 517 1190 552 Has
1209 515 1336 564 copias
1354 515 1501 564 partim

183 579 416 628 Carthagini
454 579 646 628 praesidio
683 592 775 624 esse,
810 579 957 628 partim
996 577 1178 614 distribui
1215 589 1284 627 per
1321 576 1502 613 Africam

183 641 303 677 iubet.
361 640 486 677 Simul
516 640 843 689 conquisitoribus
873 640 915 677 in
949 641 1128 677 civitates
1158 639 1284 676 missis
1313 642 1503 688 quattuor

184 703 291 738 milia
316 702 535 750 conscripta
566 702 737 738 delectae
767 702 999 749 iuventutis,
1021 701 1257 750 praesidium
1285 700 1435 738 eosdem
1462 703 1503 737 et

122 778 163 808 40
184 763 342 810 obsides,
362 763 451 800 duci
472 763 755 812 Carthaginem
776 764 896 800 iubet.

121 890 164 921 22
236 882 362 920 XXII.
392 884 531 933 Neque
551 884 790 934 Hispaniam
811 884 1092 933 neglegendam
1119 888 1241 929 ratus,
1263 887 1382 933 atque
1400 883 1440 920 id
1459 896 1503 921 eo

184 946 324 992 minus,
344 945 446 994 quod
466 945 569 981 haud
589 946 751 994 ignarus
769 950 856 982 erat
875 946 1118 982 circumitam
1138 946 1188 982 ab
1209 946 1398 982 Romanis
1415 958 1502 982 eam

183 1007 324 1056 legatis
352 1006 402 1043 ad
430 1006 693 1043 sollicitandos
712 1007 933 1057 principum
954 1008 1117 1054 animos,
1157 1006 1230 1057 (2.)
1261 1007 1503 1044 Hasdrubali

183 1068 313 1114 fratri,
346 1068 429 1104 viro
461 1068 626 1118 inpigro,
666 1082 753 1105 eam
792 1068 1031 1118 provinciam
1068 1069 1252 1115 destinat,
1291 1069 1503 1118 firmatque

145 1145 162 1173 5
184 1131 332 1167 Africis
374 1130 545 1167 maxime
594 1130 807 1179 praesidiis,
858 1131 1032 1179 peditum
1081 1130 1274 1167 Afrorum
1324 1130 1502 1167 undecim

141 1224 145 1228 .
184 1192 340 1229 milibus
358 1191 594 1240 octingentis
612 1192 914 1241 quinquaginta,
950 1193 1160 1241 Liguribus
1178 1193 1376 1238 trecentis,
1398 1192 1503 1228 Bali-

184 1255 317 1292 aribus
353 1254 590 1302 quingentis.
662 1254 694 1291 3.
736 1253 801 1289 Ad
839 1254 933 1290 haec
974 1254 1150 1302 peditum
1191 1254 1339 1290 auxilia
1377 1254 1503 1290 additi

184 1315 334 1365 equites
384 1314 701 1363 Libyphoenices,
754 1315 923 1351 mixtum
972 1315 1164 1352 Punicum
1207 1314 1320 1351 Afris
1365 1328 1500 1365 genus,

184 1376 462 1427 quadringenti
491 1376 781 1425 quinquaginta
809 1380 849 1413 et
876 1376 1075 1413 Numidae
1104 1377 1326 1426 Maurique,
1348 1377 1501 1414 accolae

126 1449 163 1478 10
186 1437 338 1483 Oceani,
365 1436 415 1473 ad
444 1437 549 1474 mille
576 1438 792 1487 octingenti
818 1442 858 1475 et
885 1451 1009 1487 parva
1040 1439 1255 1487 Ilergetum
1286 1451 1427 1475 manus
1454 1451 1503 1476 ex

186 1499 393 1549 Hispania,
428 1499 594 1535 trecenti
632 1500 781 1548 equites
819 1503 868 1546 etv,
900 1512 950 1536 ne
985 1501 1088 1549 quod
1125 1500 1324 1537 terrestris
1356 1500 1503 1537 deesset

185 1561 320 1599 auxilii
349 1573 482 1610 genus,
503 1560 702 1610 elephanti
732 1561 873 1610 viginti
902 1575 1013 1599 unus.
1072 1562 1106 1600 4.
1137 1562 1279 1599 Classis
1297 1566 1502 1611 praeterea

185 1625 279 1661 data
309 1622 359 1659 ad
386 1622 576 1659 tuendam
606 1623 858 1660 maritumam
887 1636 1008 1667 oram,
1030 1625 1134 1673 quia,
1161 1637 1239 1673 qua
1270 1628 1384 1673 parte
1411 1623 1503 1660 belli

185 1686 371 1730 vicerant,
411 1696 456 1720 ea
492 1687 579 1720 tum
618 1697 770 1734 quoque
806 1698 889 1722 rem
935 1689 1111 1734 gesturos
1155 1686 1354 1722 Romanos
1399 1685 1503 1722 credi

124 1753 165 1785 15
187 1750 352 1798 poterat,
400 1745 690 1795 quinquaginta
730 1747 1038 1796 quinqueremes,
1077 1748 1344 1796 quadriremes
1389 1746 1501 1794 duae,

185 1810 364 1847 triremes
382 1807 554 1857 quinque
566 1822 576 1855 3
605 1809 671 1845 sed
699 1814 817 1858 aptae
844 1810 1136 1858 instructaeque
1155 1809 1316 1858 remigio
1335 1808 1503 1857 triginta

184 1875 224 1908 et
243 1871 340 1907 duae
360 1869 658 1918 quinqueremes
677 1875 792 1907 erant
811 1874 850 1907 et
870 1871 1049 1907 triremes
1067 1864 1301 1940 quinqued

238 1933 272 1971 5.
301 1932 368 1968 Ab
388 1929 568 1969 Gadibus
597 1932 879 1981 Carthaginem
900 1932 951 1968 ad
972 1932 1136 1969 hiberna
1166 1936 1359 1969 exercitus
1377 1932 1502 1979 redit3

185 1997 304 2043 atque
323 1994 412 2031 inde
440 1993 638 2043 profectus
656 1998 815 2043 praeter
843 1995 1037 2032 Onussam
1058 1995 1194 2031 urbem
1227 1994 1277 2031 ad
1305 1995 1502 2031 Hiberum

123 2068 164 2099 20
188 2055 398 2092 marituma
431 2068 499 2092 ora
520 2055 637 2092 ducit.
696 2056 730 2093 6.
760 2056 824 2092 Ibi
855 2055 965 2092 fama
985 2059 1044 2093 est
1071 2056 1113 2092 in
1141 2056 1271 2105 quiete
1299 2056 1426 2092 visum
1453 2056 1502 2092 ab

185 2130 228 2153 eo
254 2117 435 2154 iuvenem
467 2117 597 2153 divina
630 2117 763 2166 specie,
785 2117 853 2166 qui
884 2130 923 2154 se
942 2119 992 2154 ab
1021 2118 1114 2154 Iove
1134 2118 1278 2155 diceret
1297 2117 1433 2154 ducem
1460 2116 1501 2153 in

186 2178 343 2214 Italiam
396 2178 615 2215 Hannibali
661 2179 847 2225 missum;
894 2179 1056 2228 proinde
1101 2184 1330 2229 sequeretur
1375 2191 1502 2228 neque

185 2252 349 2289 rsquam
369 2253 393 2276 a
412 2253 451 2277 se
471 2239 694 2276 deflecteret
714 2241 852 2277 oculos.
902 2240 935 2278 7.
958 2241 1150 2277 Pavidum
1163 2242 1288 2290 primo
1307 2253 1502 2289 nusquam

183 2302 557 2351 circumspicientem
595 2305 666 2338 aut
703 2302 974 2351 respicientem
1011 2306 1187 2339 secutum
1203 2317 1213 2350 3
1244 2302 1380 2340 deinde
1408 2315 1502 2339 cura

127 2369 167 2401 25
185 2364 329 2413 Ingenii
348 2363 520 2410 humani,
535 2376 636 2411 cum,
656 2364 843 2413 quidnam
855 2364 894 2400 id
913 2367 1024 2411 esset,
1038 2364 1139 2414 quod
1153 2365 1342 2413 respicere
1356 2364 1502 2402 vetitus
