1679 2553
607 117 669 143 cn.
702 116 841 152 xxvn.‚
872 116 1013 142 xxvm.
1424 107 1472 142 25

154 211 196 246 in
215 209 356 259 quibus
374 209 463 259 equi
483 210 633 259 virique
658 213 699 246 et
722 209 801 245 alia
826 221 945 245 onera
968 209 1244 246 traicerentur.
1301 209 1474 258 Hispani
1490 214 1531 246 27

154 272 236 308 sine
269 271 351 308 ulla
384 271 483 307 mole
515 271 557 307 in
590 271 691 307 utris
720 270 966 307 vestimentis
1003 270 1186 307 coniectis
1222 270 1297 319 ipsi
1333 271 1474 307 caetris

153 333 404 383 superpositis
421 333 655 369 incubantes
680 333 827 369 flumen
854 336 1076 370 tranavere.
1134 332 1168 369 6.
1199 332 1253 368 Et
1280 332 1382 369 alius
1408 345 1471 369 ex-

153 396 298 432 ercitus
316 395 468 431 ratibus
486 395 630 431 iunctis
650 394 850 441 traiectus,
867 395 1006 431 castris
1024 407 1142 444 prope
1161 395 1308 431 fiumen
1327 395 1471 444 positis,
1490 401 1527 430 15

154 461 344 494 nocturno
362 457 504 493 itinere
524 460 642 505 atque
660 457 787 506 operis
805 457 936 493 labore
956 456 1079 494 fessus
1103 457 1234 507 quiete
1257 457 1374 493 unius
1398 456 1473 493 diei

152 519 336 564 reficitur,
356 519 511 554 intento
529 518 624 555 duce
642 518 691 554 ad
711 518 914 555 consilium
933 522 1152 568 opportune
1170 518 1471 568 exsequendum.

154 582 187 618 7.
219 581 379 617 Postero
397 580 458 617 die
476 579 640 629 profecti
659 593 707 616 ex
717 580 797 617 loco
809 581 912 617 edito
927 580 1035 618 fumo
1050 581 1273 631 significant
1287 581 1473 618 transisse

151 646 193 679 et
229 642 335 679 haud
371 642 502 691 procul
541 642 683 678 abesse.
740 642 852 686 Quod
887 643 955 679 ubi
991 644 1140 692 accepit
1170 642 1389 689 Hannibal,
1424 655 1472 679 no

154 704 318 754 tempori
343 704 502 750 deesset,
522 704 590 740 dat
608 704 765 753 signum
788 704 839 741 ad
866 705 1138 742 traiciendum.
1195 705 1284 741 Iam
1310 708 1473 754 paratas
1490 715 1528 745 20

152 770 385 816 aptatasque
404 765 576 802 habebat
594 766 709 814 pedes
736 765 886 812 lintres,
915 779 1032 815 eques
1058 766 1140 803 fere
1167 770 1327 816 propter
1355 778 1473 816 equos

152 841 280 865 naves.
328 829 362 865 8.
393 828 565 864 Navium
586 840 728 877 agmen
748 827 797 864 ad
817 828 1088 877 excipiendum
1107 829 1261 865 adversi
1280 828 1471 877 impetum

152 890 325 927 fluminis
343 893 456 938 parte
474 890 670 939 superiore
698 890 975 928 transmittens
1002 891 1335 940 tranquillitatem
1364 889 1471 926 infra

151 954 424 990 traicientibus
441 953 628 990 lintribus
651 954 876 1002 praebebat.
927 953 960 991 9.
991 954 1194 1004 Equorum
1216 967 1306 1003 pars
1325 966 1471 1003 magna

152 1020 294 1053 nantes
312 1016 404 1052 loris
425 1029 448 1052 a
476 1016 671 1065 puppibus
698 1016 965 1052 trahebantur
997 1020 1154 1066 praeter
1185 1029 1258 1063 θος,
1292 1028 1386 1065 quos
1415 1016 1470 1052 in·
1488 1021 1526 1050 25

150 1081 296 1114 stratos
326 1076 591 1126 frenatosque,
626 1081 673 1114 ut
704 1078 899 1126 extemplo
928 1090 1078 1127 egresso
1113 1079 1153 1114 in
1186 1079 1313 1127 ripam
1347 1078 1469 1127 equiti

153 1140 239 1176 usui
257 1143 397 1185 essent,
418 1140 673 1189 inposuerant
691 1139 733 1176 in
753 1152 883 1177 naves.

203 1259 389 1298 XXVIII.
420 1260 525 1297 Galli
557 1264 763 1297 occursant
792 1261 833 1297 in
864 1261 949 1312 ripa
982 1274 1071 1298 cum
1102 1263 1221 1299 variis
1253 1264 1471 1301 ululatibus
1486 1269 1527 1300 28

150 1326 348 1372 cantuque
378 1322 496 1376 moris
529 1323 587 1359 sui
620 1322 844 1371 quatientes
871 1326 983 1360 scuta
1011 1336 1128 1372 super
1156 1326 1288 1374 capita
1317 1326 1470 1362 vibran-

150 1388 283 1434 tesque
302 1385 450 1421 dextris
478 1384 569 1430 tela,
628 1385 661 1421 2.
691 1383 931 1433 quamquam
961 1389 1000 1422 et
1029 1398 1076 1422 ex
1104 1386 1266 1424 adverso
1295 1389 1469 1425 terrebat

150 1450 266 1483 tanta
299 1447 356 1482 vis
391 1446 553 1482 navium
591 1458 679 1482 cum
712 1446 861 1495 ingenti
893 1459 986 1484 sono
1022 1448 1195 1485 fluminis
1232 1453 1272 1486 ct
1301 1450 1469 1487 clamore

151 1508 258 1544 vario
295 1511 510 1544 nautarum
547 1507 729 1553 militum,
768 1511 809 1544 et
845 1509 912 1557 qui
950 1509 1181 1546 nitebantur
1218 1516 1504 1561 perrumpei'e5

150 1571 340 1620 impetum
373 1570 555 1615 fluminis,
590 1572 630 1605 et
659 1570 727 1618 qui
759 1582 806 1606 ex
838 1570 964 1607 altera
1002 1571 1088 1621 ripa
1123 1572 1351 1609 traicientes
1382 1586 1470 1609 suos

150 1632 425 1668 hortabantur.
483 1632 517 1668 3.
548 1631 635 1667 Iam
656 1631 750 1667 satis
769 1636 954 1680 paventes
973 1633 1135 1670 adverso
1155 1635 1333 1671 tumultu
1353 1635 1468 1672 terri-

151 1694 264 1730 bilior
291 1694 342 1730 ab
369 1697 479 1742 tergo
508 1693 670 1729 adortus
697 1693 844 1729 clamor
872 1694 1009 1731 castris
1035 1695 1087 1731 ab
1116 1696 1317 1733 Hannone
1345 1697 1478 1746 captis.

151 1755 260 1796 ΜΟΧ,
283 1759 323 1792 et
359 1755 439 1803 ipse
476 1754 622 1801 aderat,
658 1768 876 1804 ancepsque
908 1760 1035 1807 terror
1066 1757 1347 1798 circumstabat
1379 1763 1420 1794 et
1448 1771 1469 1795 e

150 1817 317 1854 navibus
335 1820 453 1853 tanta
472 1816 511 1852 vi
530 1820 777 1853 armatorum
796 1817 837 1853 in
857 1821 1004 1854 terram
1023 1818 1212 1864 evadente
1230 1824 1270 1857 et
1290 1821 1339 1857 ab
1359 1824 1468 1871 tergo
1488 1827 1527 1857 10

149 1879 347 1928 inprovisa
380 1882 582 1928 premente
611 1879 702 1916 acie.
761 1880 794 1915 4.
826 1879 931 1915 Galli
959 1883 1166 1929 postquam
1195 1885 1362 1931 utroque
1389 1883 1467 1919 vim

150 1940 278 1977 facere
307 1940 437 1977 conati
466 1940 726 1989 pellebantur,
755 1953 832 1990 qua
863 1945 999 1990 patore
1027 1942 1154 1979 visum
1183 1945 1353 1980 maxime
1380 1945 1468 1992 iter,

150 2005 411 2052 perrumpunt
454 2002 672 2050 trepidique
712 2002 754 2038 in
792 2002 892 2039 vicos
929 2003 1072 2052 passim
1109 2017 1198 2042 suos
1241 2006 1466 2056 diffugiunt.

151 2063 357 2101 Hannibal
385 2064 523 2101 ceteris
549 2065 667 2113 copiis
699 2077 768 2113 per
800 2065 923 2101 otium
954 2066 1140 2113 traiectis,
1171 2079 1359 2116 spernens
1390 2069 1466 2105 iam

151 2126 317 2163 Gallicos
335 2126 543 2172 tumultuS,
563 2130 693 2163 castra
721 2127 834 2163 locat.
1486 2134 1524 2163 15

204 2188 238 2224 5.
270 2187 583 2237 Elephantorum
633 2188 940 2225 traiciendorum
989 2189 1100 2226 varia
1151 2192 1312 2229 consilia
1351 2191 1469 2229 fuisse

151 2249 273 2296 credo,
295 2253 398 2286 certe
417 2249 549 2286 variat
568 2251 754 2287 memoria
774 2254 886 2287 actae
905 2251 972 2287 rei.
1030 2252 1199 2296 Quidam
1224 2254 1469 2303 congregatis

150 2311 200 2354 ad
220 2311 347 2366 ripam
366 2311 587 2360 elephantis
605 2311 772 2348 tradunt
801 2312 1079 2350 ferocissimum
1109 2327 1155 2350 ex
1182 2315 1230 2351 iis
1257 2315 1467 2353 inritatum
