1633 2568
493 650 720 719 ΤΙΤῘ
792 645 1082 719 Livii

612 807 796 848 LIBER
838 807 966 848 XXI.

122 1013 208 1090 IN
226 1017 340 1064 parte
369 1014 494 1063 operis
515 1015 590 1051 mei
609 1014 699 1051 licet
728 1014 824 1050 mihi
852 1013 1037 1062 praefaii,
1064 1014 1165 1064 quod
1184 1015 1227 1051 in
1254 1015 1443 1065 principio
1470 1035 1485 1063 1

219 1088 392 1113 summae
410 1076 532 1113 totius
562 1075 723 1125 professi
752 1072 930 1124 plerique
944 1079 1039 1112 sunt
1067 1089 1198 1113 rerum
1227 1077 1443 1126 scriptores,

121 1136 266 1174 bellum
300 1137 469 1174 maxime
489 1137 663 1173 omnium
689 1136 953 1184 memorabile,
975 1149 1076 1185 quae
1109 1150 1298 1187 umquam
1333 1142 1445 1188 gesta

120 1198 212 1245 sint,
233 1210 294 1235 me
312 1199 566 1247 scripturum,
587 1198 688 1247 quod
718 1198 947 1235 Hannibale
976 1198 1071 1235 duce
1100 1199 1445 1248 Carthaginienses

120 1273 210 1297 cum
246 1259 387 1309 populo
425 1260 605 1296 Romano
642 1271 804 1308 gessere.
863 1260 896 1295 2.
928 1259 1034 1296 Nam
1072 1272 1200 1309 neque
1238 1261 1442 1297 validiores
1470 1276 1488 1305 5

120 1322 258 1372 opibus
285 1321 389 1358 ullae
407 1322 513 1358 inter
531 1334 572 1358 se
591 1322 772 1358 civitates
801 1325 1014 1371 gentesque
1042 1322 1297 1360 contulerunt
1317 1336 1440 1369 arma,

121 1395 247 1432 neque
266 1382 327 1419 his
346 1382 438 1432 ipsis
457 1385 616 1419 tantum
646 1395 834 1432 umquam
863 1383 1007 1419 virium
1027 1388 1099 1420 aut
1117 1385 1265 1421 roboris
1293 1384 1384 1431 fuit,
1404 1389 1444 1422 et

110 1444 227 1481 ‘haud
263 1444 419 1497 ignotas
465 1444 556 1480 belli
592 1448 699 1481 artes
734 1444 841 1481 inter
877 1456 958 1481 sese
994 1445 1061 1481 sed
1098 1449 1280 1494 expertas
1318 1446 1443 1495 primo

121 1505 269 1542 Punico
313 1505 568 1541 conferebant
615 1505 726 1551 bello,
765 1509 807 1542 et
851 1506 946 1541 adeo
984 1506 1095 1542 varia
1141 1506 1304 1544 fortuna
1351 1507 1442 1544 belli

121 1578 339 1617 ancepsque
372 1565 484 1602 Mars
517 1566 607 1610 fuit,
646 1571 692 1603 ut
724 1567 882 1615 propius
919 1555 1136 1616 periculum
1174 1567 1335 1615 fuerint,
1374 1569 1442 1617 qui
1471 1581 1510 1611 10

120 1628 311 1665 vicerunt.
368 1628 401 1664 3.
433 1627 539 1664 Odiis
572 1628 691 1664 etiam
711 1623 839 1678 prope,
850 1629 1062 1665 maioribus
1090 1633 1293 1666 certarunt
1321 1643 1441 1679 quam

119 1690 278 1735 viribus,
301 1688 492 1726 Romanis
519 1688 832 1748 indignantibus,
852 1690 957 1738 quod‘
981 1682 1306 1731 victoribus-victi
1338 1692 1441 1728 ultro

119 1750 315 1788 inferrent
342 1763 467 1796 arma,
498 1749 649 1797 Poenis,
680 1751 782 1800 quod
809 1751 974 1800 superbe
1007 1764 1204 1801 avareque
1236 1753 1440 1790 crederent

119 1813 391 1862 imperitatum
420 1811 534 1849 victis
562 1824 653 1849 esse.
711 1812 746 1850 4.
778 1813 902 1849 Fama
930 1817 990 1850 est
1018 1814 1140 1850 etiam
1170 1815 1438 1851 Hannibalem

77 1874 108 1904 >R
118 1886 312 1911 annorum
332 1872 456 1910 ferme
476 1886 615 1911 novem
645 1874 849 1923 pueriliter
868 1874 1135 1923 blandientem
1156 1860 1261 1924 pa⁰tri
1281 1876 1438 1912 Hamil·
1470 1886 1506 1914 15

118 1935 213 1982 cari,
232 1938 279 1972 ut
311 1935 520 1972 duceretur
537 1935 580 1971 in
602 1935 849 1984 Hispaniam,
870 1949 957 1972 cum
977 1935 1150 1984 perfecto
1184 1936 1321 1973 Africo
1341 1937 1439 1974 bello

118 1996 333 2034 exercitum
369 2008 414 2033 eo
449 1996 690 2040 traiecturus
725 1997 976 2043 sacrificaret,
1011 1997 1206 2034 altaribus
1238 1997 1438 2034 admotum

118 2057 234 2095 tactis
251 2058 373 2109 sacris
394 2057 478 2093 iure
496 2056 664 2094 iurando
697 2057 883 2095 adactum
903 2070 955 2105 se,
975 2071 1065 2095 cum
1096 2059 1269 2107 primum
1297 2063 1437 2109 posset,

118 2121 267 2160 hostem
286 2121 371 2159 fore
390 2122 533 2172 populo
549 2122 741 2159 Romano.
787 2123 820 2160 5.
852 2123 1069 2172 Angebant
1088 2124 1260 2173 ingentis
1278 2124 1439 2174 spiritus

118 2187 248 2224 virum
277 2186 407 2223 Sicilia
436 2186 695 2236 Sardiniaque
723 2187 916 2225 amissae:
946 2200 1039 2224 nam
1058 2191 1099 2225 et
1130 2188 1301 2225 Siciliam
1321 2189 1437 2225 nimis
1468 2191 1507 2220 20

117 2247 232 2285 celeri
260 2247 530 2296 desperatione
562 2260 695 2284 rerum
732 2260 962 2294 concessam,
1002 2252 1041 2286 et
1075 2249 1296 2286 Sardiniam
1335 2250 1438 2286 inter

118 2311 269 2345 motum
287 2307 451 2345 Africae
470 2307 611 2346 fraude
630 2308 899 2347 Romanorum
919 2310 1112 2360 stipendio
1131 2311 1252 2348 etiam
1280 2311 1438 2360 insuper

116 2371 286 2421 inposito
304 2372 576 2422 interceptam.

173 2438 260 2464 mvr
281 2439 359 2465 xm.
775 2435 797 2468 2
