1679 2553
284 131 303 166 4
311 130 331 166 4
838 140 942 175 ΜΠ,
973 140 1052 166 xxl.

217 236 256 266 46
282 232 448 269 cedendo
485 231 653 269 reduxit.
712 232 771 268 10.
804 231 960 268 Servati
1000 231 1168 268 consulis
1213 231 1328 268 decus
1365 231 1517 269 Coelius
1552 232 1601 269 ad

280 306 435 332 servum
480 295 641 332 natione
686 293 871 342 Ligurem
912 292 1076 341 delegat.
1147 292 1289 330 Malim
1334 293 1511 342 equidem
1556 293 1602 330 de

283 357 360 394 filio
379 369 518 393 verum
546 369 639 403 esse,
660 356 762 405 quod
781 358 823 392 et
840 355 972 405 plures
999 354 1196 393 tradidere
1223 358 1414 403 auctores,
1434 358 1475 392 et
1493 354 1602 392 fama

215 426 254 456 35
281 418 463 457 obtinuit.

212 537 254 570 47
331 536 493 575 XLVII.
524 538 611 574 Hoc
639 537 811 587 primum
838 550 924 574 cum
956 537 1184 574 Hannibale
1203 538 1396 588 proelium
1415 538 1505 583 fuit,
1526 552 1603 589 quo

280 601 393 637 facile
430 600 619 649 apparuit
648 600 832 649 equitatu
862 600 1061 637 meliorem
1092 600 1268 637 Poenum
1288 612 1380 646 esse,
1414 603 1455 638 et
1485 600 1535 638 ob
1561 590 1623 637 id‘

279 675 435 713 campos
465 662 649 712 patentis,
679 662 813 711 quales
842 665 936 698 sunt
967 662 1074 699 inter
1093 661 1247 699 Padum
1277 662 1478 711 Alpisque,
1502 662 1603 699 bello

280 724 447 774 gerendo
473 724 663 761 Romanis
682 727 796 773 aptos
816 736 895 760 non
914 736 1005 760 esse.
1065 725 1097 762 2.
1130 724 1275 773 Itaque
1293 724 1471 773 proxima
1491 727 1603 762 nocte

235 797 253 826 5
279 787 390 823 iussis
410 786 601 822 militibus
620 798 713 822 vasa
731 785 886 822 silentio
905 786 1098 835 conligere
1127 789 1257 822 castra
1276 786 1327 822 ab
1346 785 1478 822 Ticino
1496 789 1603 823 mota

279 848 590 897 festinatumque
620 847 670 883 ad
703 847 858 883 Padum
889 850 958 894 est,
980 851 1026 884 ut
1045 847 1211 894 ratibus,
1244 847 1386 897 quibus
1417 847 1603 884 iunxerat

280 910 437 956 flumen,
459 909 633 946 nondum
665 909 846 946 resolutis
877 909 960 945 sine
981 909 1159 945 tumultu
1177 912 1313 958 ⁴atque
1345 909 1603 946 insectatione

279 972 400 1009 hostis
445 972 574 1020 copias
612 971 805 1008 traiceret.
878 971 912 1009 3.
945 970 1061 1007 Prius
1099 970 1343 1007 Placentiam
1379 983 1602 1020 pervenere,

279 1047 396 1083 quam
425 1034 520 1071 satis
539 1033 655 1070 sciret
675 1033 880 1069 Hannibal
911 1033 962 1069 ab
980 1033 1113 1070 Ticino
1145 1032 1360 1083 profectos3
1389 1036 1525 1070 tamen
1552 1033 1602 1070 ad

213 1103 250 1133 10
279 1100 469 1134 sescentos
495 1099 739 1132 moratorum
771 1094 813 1130 in
832 1094 1009 1131 citeriore
1036 1094 1122 1145 ripa
1151 1094 1250 1131 Padi
1276 1095 1448 1144 segniter
1474 1098 1602 1132 ratem

279 1159 471 1195 solventes
499 1158 613 1207 cepit.
669 1156 853 1194 Transire
883 1159 1043 1205 pontem
1072 1169 1152 1193 non
1180 1158 1322 1206 potuit,
1350 1160 1397 1194 ut
1424 1160 1603 1194 extrema

279 1221 450 1258 resoluta
486 1223 614 1265 erant,
652 1223 740 1256 tota
784 1222 871 1255 rate
916 1219 959 1255 in
996 1219 1207 1256 secundam
1252 1232 1397 1268 aquam
1433 1219 1600 1257 labente.

279 1283 313 1320 4.
345 1282 498 1319 Coelius
525 1285 662 1318 auctor
690 1285 749 1318 est
786 1281 997 1330 Magonem
1017 1294 1106 1318 cum
1139 1281 1323 1330 equitatu
1342 1284 1391 1318 et‘
1412 1281 1603 1330 Hispanis

277 1344 472 1394 peditibus
490 1344 636 1380 flumen
656 1343 851 1392 extemplo
870 1347 1060 1389 tranasse,
1090 1343 1219 1392 ipsum
1240 1342 1514 1379 Hannibalem
1533 1355 1603 1392 per

207 1422 246 1454 15
277 1407 476 1456 superiora
514 1405 615 1442 Padi
650 1405 752 1442 vada
788 1405 1004 1442 exercitum
1042 1405 1265 1441 traduxisse
1303 1404 1524 1477 &Phanssis
1560 1405 1602 1441 in

277 1468 453 1505 ordinem
472 1467 522 1504 ad
540 1467 814 1504 sustinendum
832 1467 1024 1517 impetum
1037 1466 1208 1504 fluminis
1223 1467 1418 1517 oppositis.
1477 1466 1511 1503 5.
1542 1466 1603 1502 Ea

277 1530 414 1579 peritis
435 1530 563 1566 amnis
595 1529 678 1566 eius
705 1529 773 1565 Vix
804 1529 921 1565 fidem
951 1527 1140 1575 fecerint3
1170 1541 1264 1565 nam
1295 1541 1421 1577 neque
1452 1527 1619 1578 equites·

211 1610 235 1629 a
277 1592 397 1646 armis
425 1592 613 1640 equisque
644 1590 762 1642 5313ss
790 1594 949 1627 tantam
981 1590 1061 1626 vim
1091 1590 1264 1627 fluminis
1290 1602 1493 1640 superasse
1521 1590 1602 1626 veri

277 1653 399 1690 simile
418 1642 557 1699 est-‚sut
575 1654 655 1689 iam
683 1652 885 1702 Hispanos
904 1664 1038 1688 omnes
1056 1652 1187 1688 inflati
1208 1652 1454 1689 travexerint
1481 1654 1600 1698 utres,

208 1728 248 1758 20
277 1720 316 1753 et
343 1715 560 1752 multorum
588 1715 741 1751 dierum
769 1714 933 1751 circuitu
963 1713 1061 1750 Padi
1091 1712 1192 1749 vada
1223 1712 1393 1762 petenda
1425 1712 1600 1760 fuerunt,

276 1791 353 1827 qua
365 1778 558 1814 exercitus
569 1777 701 1825 gravis
714 1775 1004 1825 impedimentis
1018 1775 1175 1812 traduci
1186 1778 1326 1824 posset.
1371 1775 1404 1813 6.
1428 1774 1602 1812 Potiores

276 1840 381 1890 apud
411 1852 472 1876 me
491 1842 669 1875 auctores
687 1842 792 1884 sunt,
814 1837 882 1886 qui
909 1837 1025 1874 biduo
1045 1849 1111 1873 Vix
1143 1836 1268 1873 locum
1298 1836 1602 1889 ratejungendlo

279 1901 429 1938 flumini
463 1901 672 1938 inventum
707 1894 989 1943 traduntrseae.
1006 1911 1097 1935 cum
1145 1897 1319 1947 Magone
1364 1898 1516 1947 equites
1561 1896 1602 1935 et

279 1964 545 2012 Hispanorum
565 1961 763 2011 expeditos
781 1960 1021 2010 praemissos.
1079 1959 1113 1997 7.
1145 1960 1253 1996 Dum
1273 1959 1480 1996 Hannibal
1499 1953 1601 1997 circa‘

210 2036 250 2070 25
279 2026 424 2062 flumen
465 2023 726 2073 legationibus
767 2022 971 2059 Gallorum
1001 2020 1205 2058 audiendis
1242 2024 1431 2067 moratus,
1467 2005 1679 2079 braic—:333⁹

276 2087 436 2137 gravius
453 2086 630 2136 peditum
644 2098 799 2135 agmen,
819 2084 979 2121 interim
1000 2083 1119 2132 Mago
1131 2083 1358 2133 equitesque
1366 2081 1417 2119 ab
1430 2082 1605 2120 transitu
1616 2089 1679 2132 024⁴

277 2149 449 2187 fluminis
467 2148 542 2185 diei
561 2148 677 2184 unius
696 2147 838 2183 itinere
859 2145 1106 2182 Placentiam
1125 2145 1176 2182 ad
1195 2144 1326 2181 hostes
1344 2145 1601 2183 contendunt.

279 2211 313 2247 8.
344 2210 553 2247 Hannibal
571 2210 705 2259 paucis
723 2212 809 2258 post
828 2208 964 2245 diebus
982 2220 1050 2245 sex
1077 2207 1186 2244 milia
1205 2220 1229 2243 a
1250 2206 1454 2244 Placentia
1472 2209 1604 2243 castra

280 2272 546 2319 communivit,
566 2276 606 2308 et
625 2275 780 2322 postero
798 2271 858 2308 die
870 2271 911 2307 in
931 2274 1140 2319 conspectu
1159 2269 1331 2312 hostium
1350 2268 1431 2311 acie
1450 2267 1603 2310 derecta

211 2340 250 2371 30
282 2338 516 2384 potestatem
536 2347 692 2384 pugnae
711 2333 813 2375 fecit,
