1679 2553
154 241 197 273 44

155 485 194 515 30

150 789 192 820 45

152 1343 190 1373 10

154 1660 192 1690 15

153 1964 193 1994 20

225 126 274 164 42
777 136 882 172 mvr,
913 136 992 163 xxx.

223 230 292 281 qui
309 233 530 280 respectum
548 229 708 276 habent,
729 241 825 279 quos
843 240 914 265 sua
933 231 1054 275 terra,
1075 241 1169 267 suus
1187 242 1282 278 ager
1299 243 1368 280 per
1385 233 1478 268 tuta
1497 243 1541 268 ac

223 295 364 342 pacata
381 292 527 328 itinera
546 292 743 341 fugientes
761 290 953 339 accipient
966 304 976 338 3
996 290 1104 328 vobis
1124 303 1276 329 necesse
1294 297 1354 329 est
1372 291 1542 330 fortibus

222 354 316 391 viris
333 366 414 390 esse
429 357 469 390 et
484 354 664 390 omnibus
677 353 783 389 inter
796 352 997 389 victoriam
1015 356 1231 390 mortemve
1245 357 1354 390 certa
1367 354 1541 403 despera-

222 415 328 452 tione
364 415 544 464 abruptis
579 418 652 451 aut
687 414 842 451 vincere
878 417 961 461 aut,
995 414 1028 450 si
1060 414 1221 451 fortuna
1253 415 1462 462 dubitabit,
1499 416 1542 453 in

221 477 366 527 proelio
394 477 522 526 potius
550 489 670 525 quam
699 476 742 512 in
772 475 867 524 fuga
898 479 1064 512 mortem
1092 480 1287 526 oppetere.
1345 477 1379 513 9.
1411 476 1453 514 Si
1470 477 1542 514 hoc

222 540 319 576 bene
337 539 459 575 fixum
477 538 668 584 omnibus,
689 537 720 574 si
741 537 981 574 destinatum
1003 537 1134 574 animo
1153 541 1222 585 est,
1238 539 1383 576 iterum
1404 538 1538 587 dicam,

221 601 388 638 vicistis:
426 600 581 637 nullum
613 600 846 648 'contemptu
883 600 1020 635 mortis
1057 599 1183 636 telum
1220 599 1271 636 ad
1307 600 1541 638 vincendum

221 662 372 699 homini
390 663 441 699 ab
460 662 517 698 dis
535 661 811 698 inmortalibus
830 661 958 697 acrius
978 660 1117 697 datum
1136 660 1230 699 est.’'

273 781 388 820 XLV.
419 783 496 820 His
524 782 867 819 adhortationibus
898 795 988 819 cum
1017 782 1218 832 utrimque
1254 783 1304 820 ad
1339 787 1540 821 certamen

220 846 369 882 accensi
388 845 560 882 militum
580 844 703 881 animi
728 848 866 890 essent,
889 844 1060 881 Romani
1077 850 1196 894 ponte
1223 845 1402 882 Ticinum
1428 846 1541 895 iung-

222 910 293 944 unt
320 907 556 956 tutandique
584 906 715 956 pontis
743 919 862 943 causa
891 907 1096 944 castellum
1126 907 1287 957 insuper
1314 908 1514 957 inponunt
1528 922 1539 956 ;

223 970 255 1005 2.
286 968 440 1005 Poenus
474 968 651 1005 hostibus
679 981 793 1017 opere
825 969 1022 1018 occupatis
1055 968 1329 1006 Maharbalem
1358 982 1446 1006 cum
1474 970 1540 1006 ala

220 1031 499 1077 Numidarum,
514 1030 710 1078 equitibus
725 1030 961 1079 quingentis.
975 1030 1025 1067 ad
1043 1030 1332 1080 depopulandos
1349 1031 1539 1068 sociorum

220 1092 352 1142 populi
371 1092 543 1129 Romani
561 1104 675 1141 agros
693 1092 842 1138 mittit3
873 1092 906 1128 3.
937 1092 1061 1129 Gallis
1085 1093 1194 1141 parci
1221 1105 1340 1141 quam
1370 1093 1540 1130 mam‘me

219 1155 327 1191 iubet
342 1155 640 1204 principumque
655 1154 806 1190 animos
821 1153 871 1190 ad
886 1154 1141 1191 defectionem
1154 1154 1364 1193 sollicitari.
1413 1154 1540 1191 Ponte

218 1216 391 1266 perfecto
410 1216 618 1253 traductus
637 1216 841 1252 Romanus
860 1216 1053 1253 exercitus
1079 1216 1121 1253 in
1149 1229 1288 1265 agrum
1309 1216 1538 1253 Insubrium

218 1279 390 1328 quinque
402 1278 511 1315 milia
522 1291 707 1327 passuum
721 1290 744 1314 a
757 1277 998 1315 Victumulis
1009 1277 1193 1315 consedit.
1251 1278 1286 1315 4.
1308 1278 1371 1315 Ibi
1385 1277 1539 1314 Hanni-

218 1340 284 1376 bal
302 1344 433 1377 castra
453 1340 646 1387 habebat,
674 1343 932 1390 revocatoque
958 1352 1123 1389 propere
1153 1339 1390 1377 Maharbale
1418 1343 1538 1389 atque

218 1403 426 1452 equitibus,
463 1415 553 1439 cum
585 1403 733 1439 instare
762 1406 964 1439 certamen
994 1406 1181 1448 cerneret,
1215 1402 1315 1438 nihil
1348 1414 1537 1451 umquam

217 1465 314 1502 satis
332 1464 481 1501 dictum
499 1464 867 1513 praemonitumque
885 1463 935 1500 ad
953 1463 1213 1501 cohortandos
1239 1463 1383 1500 milites
1414 1467 1537 1512 ratus,

219 1526 364 1563 vocatis
385 1525 435 1562 ad
457 1525 678 1562 contionem
701 1528 811 1562 certa
833 1525 1009 1574 praemia
1036 1525 1281 1574 pronuntiat,
1301 1525 1344 1562 in
1371 1538 1537 1574 quorum

217 1601 325 1638 spem
352 1590 599 1637 pugnarent:
657 1588 691 1624 5.
721 1599 862 1636 agrum
894 1586 975 1624 sese
1002 1586 1190 1623 daturum
1215 1599 1296 1624 esse
1326 1587 1369 1623 in
1401 1586 1536 1634 Italia,

218 1649 369 1696 Africa,
391 1650 601 1699 Hispania,
621 1650 690 1686 ubi
706 1650 870 1699 quisque
888 1649 996 1695 velit,
1017 1649 1221 1686 inmunem
1241 1648 1327 1698 ipsi,
1346 1649 1416 1698 qui
1433 1661 1536 1686 acce-

219 1712 348 1761 pisset,
368 1711 577 1760 liberisque
588 1724 599 1758 3
629 1711 698 1761 qui
716 1711 923 1760 pecuniam
944 1723 1066 1760 quam
1095 1723 1237 1760 agrum
1262 1709 1475 1757 maluisset,
1498 1710 1535 1747 ei

217 1786 256 1810 se
269 1777 434 1823 argento
446 1771 745 1810 satisfacturum
759 1786 770 1820 3
789 1773 858 1821 qui
871 1772 1062 1809 sociorum
1075 1773 1175 1809 cives
1190 1771 1535 1821 Carthaginienses

217 1835 303 1873 fieri
330 1835 490 1882 vellent,
527 1838 764 1884 potestatem
800 1834 1026 1881 facturum3
1066 1834 1100 1871 6.
1139 1834 1207 1884 qui
1243 1833 1376 1870 domos
1409 1833 1536 1871 redire

217 1898 394 1942 mallent,
414 1896 601 1933 daturum
628 1909 669 1933 se
695 1909 868 1945 operam,
896 1908 945 1932 ne
972 1896 1082 1933 cuius
1108 1908 1269 1933 suorum
1287 1895 1535 1944 popularium

217 1963 416 1996 mutatam
444 1971 575 1995 secum
601 1957 807 1995 fortunam
832 1970 914 1995 esse
945 1957 1104 1995 vellent.
1161 1958 1195 1995 7.
1226 1957 1356 1994 Servis
1382 1969 1536 2007 quoque

218 2021 391 2058 dominos
433 2020 647 2070 prosecutis
682 2020 906 2056 libertatem
943 2019 1126 2068 proponit
1163 2019 1333 2067 binaque
1369 2031 1440 2067 pro
1477 2019 1538 2056 his

218 2082 412 2133 mancipia
431 2081 597 2119 dominis
614 2094 654 2118 se
672 2081 930 2118 redditurum.
988 2082 1024 2118 8.
1054 2081 1190 2130 anue
1216 2083 1264 2117 ut
1282 2083 1374 2117 rata
1393 2080 1539 2124 scirent

218 2145 313 2192 fore,
332 2157 481 2193 agnum
499 2144 611 2180 laeva
630 2156 765 2190 manu,
784 2142 926 2179 dextra
945 2143 1090 2180 silicem
1108 2142 1296 2189 retinens,
1316 2141 1349 2178 si
1368 2141 1537 2188 falleret,

220 2207 354 2244 lovem
374 2209 598 2254 ceterosque
617 2208 799 2254 precatus
817 2204 917 2251 deos,
937 2205 995 2242 ita
1014 2217 1054 2241 se
1082 2207 1315 2251 mactarent,
1345 2216 1457 2253 quem
1488 2203 1537 2240 ad

153 2274 194 2303 25
219 2268 375 2305 modum
394 2267 476 2316 ipse
495 2279 641 2316 agnum
662 2269 885 2313 mactasset,
904 2266 1116 2303 secundum
1134 2266 1399 2314 precationem
1417 2269 1538 2315 caput

218 2329 374 2383 pecudis
391 2341 484 2366 saxo
503 2329 616 2368 elisit.
676 2329 709 2366 9.
739 2328 840 2364 Tum
867 2340 958 2365 vero
985 2340 1129 2374 omnes,
1150 2327 1260 2364 velut
1286 2327 1344 2364 dis
1370 2327 1536 2364 auctori-
