1679 2553
199 122 244 158 10
751 134 854 160 mvv.
886 134 963 159 xxi.

134 243 173 272 lo
192 223 390 273 piaculum
410 224 519 273 rupti
537 223 716 271 foederis,
737 224 813 270 sed,
835 224 866 261 si
885 237 999 261 nemo
1027 225 1221 274 deposcat,
1244 225 1513 264 devehendum

191 285 233 321 in
265 285 428 322 ultimas
455 285 575 322 maris
604 289 881 335 terrarumque
906 298 1005 333 oras,
1034 286 1294 335 ablegandum
1327 300 1383 334 eo,
1410 288 1514 325 unde

191 359 262 383 nec
276 346 326 383 ad
342 360 411 383 nos
430 359 571 383 nomen
591 346 775 396 famaque
790 347 872 383 eius
887 347 1059 384 accidere
1079 360 1205 397 neque
1223 348 1289 385 ille
1305 348 1514 386 sollicitare

130 426 170 455 45
190 408 347 457 quietae
366 408 537 445 civitatis
551 412 701 445 statum
732 408 862 457 possit.
923 409 982 446 13.
1014 409 1098 458 Ego
1116 409 1175 446 ita
1197 422 1345 457 cense0‚
1365 411 1514 459 legatos

190 470 386 519 extemplo
416 470 582 506 Romam
605 470 827 515 mittendos,
847 469 916 518 qui
942 470 1099 507 senatui
1121 470 1379 517 satisfaciant,
1406 472 1513 518 alios,

191 531 258 579 qui
282 531 500 568 Hannibali
528 531 727 577 nuntient,
749 534 795 567 ut
820 531 1037 568 exercitum
1058 532 1109 569 ab
1130 532 1309 581 Sagunto
1328 533 1512 580 abducat,

190 593 396 642 ipsumque
416 592 685 629 Hannibalem
705 605 754 629 ex
771 591 925 629 foedere
946 592 1134 630 Romanis
1153 593 1300 630 dedant
1312 607 1323 641 3
1353 595 1512 631 tertiam

190 654 422 703 legationem
442 654 493 690 ad
511 667 573 691 res
593 654 823 703 Saguntinis
842 653 1059 691 reddendas
1078 654 1274 692 decerno.’'

132 781 169 810 11
243 773 311 812 XI.
348 775 446 812 Cum
495 775 645 811 Hanno
681 778 907 823 perorasset,
948 774 1096 810 nemini
1142 775 1318 810 omnium
1363 779 1513 812 certare

189 836 367 873 oratione
399 849 487 872 cum
524 849 568 873 eo
601 849 752 872 necesse
788 835 889 873 fuit:
918 836 1013 872 adeo
1043 848 1161 885 prope
1198 836 1322 872 omnis
1352 840 1514 873 senatus

192 898 433 935 Hannibalis
478 901 574 943 erat,
619 897 876 946 infestiusque
912 897 1087 933 locutum
1133 898 1356 946 arguebant
1403 899 1514 934 Han-

190 973 331 997 nonem
386 972 506 1008 quam
562 959 744 995 Flaccum
790 958 997 995 Valerium
1042 959 1218 1007 legatum
1275 959 1511 997 Romanum.

153 1032 170 1060 5
192 1023 225 1058 2.
256 1021 501 1070 Responsum
529 1020 618 1057 inde
646 1020 786 1069 legatis
814 1020 1004 1057 Romanis
1036 1024 1095 1057 est
1125 1020 1270 1056 bellum
1302 1024 1434 1057 ortum
1463 1021 1513 1058 ab

191 1083 432 1132 Saguntinis,
464 1095 543 1118 non
580 1082 630 1118 ab
669 1081 898 1118 Hannibale
931 1093 1034 1128 esse3
1064 1081 1252 1130 populum
1286 1082 1512 1118 Romanum

190 1145 336 1181 iniuste
374 1144 515 1190 facere,
547 1143 579 1180 si
611 1143 852 1192 Saguntinos
891 1142 1178 1179 vetustissimae
1213 1143 1511 1192 Carthaginien-

189 1206 290 1242 sium
319 1205 498 1242 societati
526 1208 754 1254 praeponat.

244 1269 277 1305 3.
309 1268 413 1304 Dum
447 1267 616 1303 Romani
647 1270 802 1315 tempus
832 1269 969 1302 terunt
1001 1266 1265 1315 legationibus
1298 1266 1510 1312 mittendis,

137 1338 174 1367 10
193 1330 409 1375 Hannibal,
431 1329 523 1378 quia
542 1328 613 1365 fes>
622 1342 686 1364 um
709 1329 868 1364 militem
892 1328 1046 1377 proeliis
1065 1328 1321 1377 operibusque
1340 1327 1512 1364 habebat

190 1404 402 1441 paucorum
420 1391 468 1427 iis
487 1390 636 1427 dierum
652 1390 821 1439 quietem
844 1390 949 1426 dedit
969 1389 1206 1426 stationibus
1226 1388 1275 1425 ad
1293 1389 1511 1426 custodiam

189 1454 393 1489 vinearum
427 1452 671 1500 aliorumque
707 1463 867 1500 operum
899 1450 1103 1499 dispositis.
1162 1450 1331 1487 Interim
1360 1450 1512 1487 animos

189 1527 322 1551 corum
342 1527 448 1550 nunc
466 1513 526 1549 ira
546 1513 588 1549 in
607 1513 737 1549 hostes
757 1511 1007 1558 stimulando,
1029 1525 1135 1548 nune
1163 1524 1229 1561 spe
1249 1511 1511 1561 praemiorum

188 1576 377 1613 accendit.
436 1575 472 1612 4.
500 1575 562 1612 Ut
591 1587 681 1611 vero
710 1588 778 1623 pro
815 1575 995 1611 contione
1022 1573 1209 1623 praedam
1239 1577 1376 1622 captae
1405 1573 1512 1609 urbis

130 1649 167 1678 15
189 1638 309 1674 edixit
328 1637 498 1673 militum
527 1635 622 1682 fore,
643 1635 734 1672 adeo
765 1635 915 1671 accensi
942 1648 1073 1672 omues
1092 1639 1198 1681 sunt,
1219 1638 1275 1681 ut,
1306 1635 1338 1670 si
1368 1637 1511 1670 extem-

189 1700 252 1749 plo
278 1699 431 1748 signum
466 1698 603 1734 datum
632 1701 742 1743 esset,
777 1696 887 1732 nulla
920 1697 958 1733 vi
989 1696 1117 1732 resisti
1154 1696 1353 1732 videi-etur
1390 1707 1508 1744 posse.

190 1763 225 1798 5.
256 1759 479 1809 Saguntini,
510 1762 555 1795 ut
587 1771 610 1794 a
642 1759 795 1808 proeliis
824 1759 995 1807 quietem
1028 1758 1262 1803 habuerant,
1294 1770 1364 1793 nec
1396 1757 1510 1793 laces-

189 1825 318 1859 sentes
350 1834 420 1857 nec
438 1820 607 1857 lacessiti
636 1833 704 1870 per
723 1821 874 1869 aliquot
895 1820 985 1865 dies,
1006 1819 1064 1856 ita
1092 1833 1169 1855 non
1199 1822 1322 1865 nocte,
1344 1831 1422 1855 non
1450 1818 1511 1854 die

190 1896 377 1934 umquam
406 1886 652 1919 cessaverant
689 1882 738 1918 ab
769 1895 895 1931 opere,
929 1884 976 1917 ut
1013 1894 1160 1917 novum
1193 1893 1350 1916 murum
1379 1881 1428 1916 ab
1465 1892 1509 1916 ea

135 1952 311 1998 sgoparte,
359 1961 437 1996 qua
483 1947 727 1996 patefactum
766 1947 951 1997 oppidum
988 1946 1113 1982 ruinis
1158 1949 1257 1992 erat,
1294 1945 1508 1981 reficerent.

192 2012 225 2047 (3.
255 2010 353 2046 Inde
374 2009 615 2058 oppugnatio
633 2021 696 2045 eos
714 2008 919 2056 aliquanto
938 2008 1104 2044 atrocior
1122 2020 1241 2056 quam
1260 2010 1352 2043 ante
1370 2006 1509 2042 adorta

190 2075 260 2118 cst,
295 2084 375 2117 nec,
395 2084 473 2119 qua
504 2071 677 2119 primum
708 2073 779 2105 aut
798 2069 1042 2118 potissimum
1073 2073 1186 2117 parte
1215 2068 1366 2104 ferrent
1385 2080 1507 2116 opem,

191 2146 275 2169 cum
297 2132 428 2168 omnia
449 2132 567 2168 variis
587 2131 820 2168 clamoribus
839 2133 1072 2178 streperent,
1088 2130 1184 2166 satis
1204 2129 1300 2166 scire
1312 2132 1506 2177 poterant.

193 2197 224 2231 7.
266 2194 355 2243 Ipse
395 2193 612 2238 Hannibal,
645 2204 723 2241 qua
752 2192 875 2228 turris
907 2191 1058 2227 mobilis
1094 2191 1225 2226 omnia
1262 2189 1508 2226 munimenta

138 2261 177 2290 25
196 2255 299 2292 urbis
320 2265 507 2303 superans
534 2253 742 2290 altitudine
769 2253 970 2301 agebatur,
992 2252 1170 2288 hortator
1197 2252 1343 2288 aderat.
1402 2252 1508 2296 Quae

193 2330 277 2354 cum
326 2316 484 2352 admota
522 2314 735 2364 catapultis
772 2314 1011 2363 ballistisque
1054 2325 1123 2362 per
1158 2313 1289 2350 omnia
1326 2313 1508 2371 tabulata

1458 2397 1469 2427 'X
