<?xml version="1.0" encoding="UTF-8"?>
<!DOCTYPE html PUBLIC "-//W3C//DTD XHTML 1.0 Transitional//EN"
    "http://www.w3.org/TR/xhtml1/DTD/xhtml1-transitional.dtd">
<html xmlns="http://www.w3.org/1999/xhtml" xml:lang="en" lang="en">
 <head>
  <title>
</title>
<meta http-equiv="Content-Type" content="text/html;charset=utf-8" />
  <meta name='ocr-system' content='tesseract 3.04.00' />
  <meta name='ocr-capabilities' content='ocr_page ocr_carea ocr_par ocr_line ocrx_word'/>
</head>
<body>
  <div class='ocr_page' id='page_1' title='image "./bookxxi21livyuoft_0077.png"; bbox 0 0 1679 2553; ppageno 0'>
   <div class='ocr_carea' id='block_1_1' title="bbox 544 129 1413 174">
    <p class='ocr_par' dir='ltr' id='par_1_1' title="bbox 544 129 1413 174">
     <span class='ocr_line' id='line_1_1' title="bbox 544 129 1413 174; baseline -0.001 -7"><span class='ocrx_word' id='word_1_1' title='bbox 544 140 609 167; x_wconf 80' lang='lat'>011.</span> <span class='ocrx_word' id='word_1_2' title='bbox 640 140 775 174; x_wconf 65' lang='lat' dir='ltr'><strong>xnvn„</strong></span> <span class='ocrx_word' id='word_1_3' title='bbox 804 140 942 168; x_wconf 70' lang='lat' dir='ltr'><strong>xnvm.</strong></span> <span class='ocrx_word' id='word_1_4' title='bbox 1364 129 1413 166; x_wconf 80' lang='lat'><strong>45</strong></span> 
     </span>
    </p>
   </div>
   <div class='ocr_carea' id='block_1_2' title="bbox 79 228 1637 2311">
    <p class='ocr_par' dir='ltr' id='par_1_2' title="bbox 79 228 1657 2311">
     <span class='ocr_line' id='line_1_2' title="bbox 147 228 1472 280; baseline 0.003 -14"><span class='ocrx_word' id='word_1_5' title='bbox 147 228 330 268; x_wconf 86' lang='lat' dir='ltr'>XLVIII.</span> <span class='ocrx_word' id='word_1_6' title='bbox 373 231 603 280; x_wconf 74' lang='lat' dir='ltr'>Insequenti</span> <span class='ocrx_word' id='word_1_7' title='bbox 638 234 751 268; x_wconf 85' lang='lat' dir='ltr'><strong>nocte</strong></span> <span class='ocrx_word' id='word_1_8' title='bbox 782 230 914 268; x_wconf 88' lang='lat' dir='ltr'><strong>caedes</strong></span> <span class='ocrx_word' id='word_1_9' title='bbox 949 230 992 267; x_wconf 89' lang='lat' dir='ltr'><strong>in</strong></span> <span class='ocrx_word' id='word_1_10' title='bbox 1036 231 1176 268; x_wconf 85' lang='lat' dir='ltr'><strong>castris</strong></span> <span class='ocrx_word' id='word_1_11' title='bbox 1212 231 1413 277; x_wconf 79' lang='lat' dir='ltr'><strong>Romanis,</strong></span> <span class='ocrx_word' id='word_1_12' title='bbox 1431 239 1472 270; x_wconf 86' lang='lat'><strong>48</strong></span> 
     </span>
     <span class='ocr_line' id='line_1_3' title="bbox 97 291 1415 341; baseline 0.001 -13"><span class='ocrx_word' id='word_1_13' title='bbox 97 291 272 328; x_wconf 83' lang='lat' dir='ltr'><strong>tumultu</strong></span> <span class='ocrx_word' id='word_1_14' title='bbox 311 295 448 329; x_wconf 89' lang='lat' dir='ltr'><strong>tamen</strong></span> <span class='ocrx_word' id='word_1_15' title='bbox 484 305 603 341; x_wconf 87' lang='lat' dir='ltr'><strong>quam</strong></span> <span class='ocrx_word' id='word_1_16' title='bbox 643 305 686 329; x_wconf 89' lang='lat' dir='ltr'><strong>re</strong></span> <span class='ocrx_word' id='word_1_17' title='bbox 725 292 860 337; x_wconf 87' lang='lat' dir='ltr'><strong>maior,</strong></span> <span class='ocrx_word' id='word_1_18' title='bbox 899 292 950 329; x_wconf 87' lang='lat' dir='ltr'><strong>ab</strong></span> <span class='ocrx_word' id='word_1_19' title='bbox 993 292 1253 329; x_wconf 79' lang='lat' dir='ltr'><strong>auxiliaribus</strong></span> <span class='ocrx_word' id='word_1_20' title='bbox 1291 292 1415 329; x_wconf 86' lang='lat' dir='ltr'><strong>Gallis</strong></span> 
     </span>
     <span class='ocr_line' id='line_1_4' title="bbox 95 351 1415 404; baseline 0.001 -15"><span class='ocrx_word' id='word_1_21' title='bbox 95 351 203 389; x_wconf 86' lang='lat' dir='ltr'><strong>facta</strong></span> <span class='ocrx_word' id='word_1_22' title='bbox 230 357 299 392; x_wconf 79' lang='lat' dir='ltr'><strong>est.</strong></span> <span class='ocrx_word' id='word_1_23' title='bbox 376 355 409 392; x_wconf 85' lang='lat'><strong>2.</strong></span> <span class='ocrx_word' id='word_1_24' title='bbox 446 354 513 390; x_wconf 89' lang='lat' dir='ltr'><strong>Ad</strong></span> <span class='ocrx_word' id='word_1_25' title='bbox 541 354 617 390; x_wconf 92' lang='lat' dir='ltr'><strong>duo</strong></span> <span class='ocrx_word' id='word_1_26' title='bbox 654 354 762 392; x_wconf 87' lang='lat' dir='ltr'><strong>milia</strong></span> <span class='ocrx_word' id='word_1_27' title='bbox 791 354 967 403; x_wconf 84' lang='lat' dir='ltr'><strong>peditum</strong></span> <span class='ocrx_word' id='word_1_28' title='bbox 994 357 1035 391; x_wconf 92' lang='lat' dir='ltr'><strong>et</strong></span> <span class='ocrx_word' id='word_1_29' title='bbox 1080 353 1238 391; x_wconf 89' lang='lat' dir='ltr'><strong>ducenti</strong></span> <span class='ocrx_word' id='word_1_30' title='bbox 1265 354 1415 404; x_wconf 87' lang='lat' dir='ltr'><strong>equites</strong></span> 
     </span>
     <span class='ocr_line' id='line_1_5' title="bbox 96 414 1413 464; baseline 0.001 -14"><span class='ocrx_word' id='word_1_31' title='bbox 96 414 276 463; x_wconf 82' lang='lat' dir='ltr'><strong>vigilibus</strong></span> <span class='ocrx_word' id='word_1_32' title='bbox 294 414 344 451; x_wconf 87' lang='lat' dir='ltr'><strong>ad</strong></span> <span class='ocrx_word' id='word_1_33' title='bbox 371 418 506 464; x_wconf 89' lang='lat' dir='ltr'><strong>portas</strong></span> <span class='ocrx_word' id='word_1_34' title='bbox 531 414 740 451; x_wconf 88' lang='lat' dir='ltr'><strong>trucidatis</strong></span> <span class='ocrx_word' id='word_1_35' title='bbox 766 414 815 451; x_wconf 90' lang='lat' dir='ltr'><strong>ad</strong></span> <span class='ocrx_word' id='word_1_36' title='bbox 836 414 1107 451; x_wconf 86' lang='lat' dir='ltr'><strong>Hannibalem</strong></span> <span class='ocrx_word' id='word_1_37' title='bbox 1127 414 1413 464; x_wconf 82' lang='lat' dir='ltr'><strong>transfugiunt,</strong></span> 
     </span>
     <span class='ocr_line' id='line_1_6' title="bbox 94 475 1454 525; baseline 0.001 -13"><span class='ocrx_word' id='word_1_38' title='bbox 94 488 190 524; x_wconf 87' lang='lat' dir='ltr'><strong>quos</strong></span> <span class='ocrx_word' id='word_1_39' title='bbox 221 475 374 512; x_wconf 89' lang='lat' dir='ltr'><strong>Poenus</strong></span> <span class='ocrx_word' id='word_1_40' title='bbox 405 476 575 525; x_wconf 86' lang='lat' dir='ltr'><strong>benigne</strong></span> <span class='ocrx_word' id='word_1_41' title='bbox 601 475 805 512; x_wconf 89' lang='lat' dir='ltr'><strong>adlocutus</strong></span> <span class='ocrx_word' id='word_1_42' title='bbox 824 479 865 512; x_wconf 85' lang='lat' dir='ltr'><strong>et</strong></span> <span class='ocrx_word' id='word_1_43' title='bbox 896 488 963 524; x_wconf 91' lang='lat' dir='ltr'><strong>spe</strong></span> <span class='ocrx_word' id='word_1_44' title='bbox 982 476 1204 525; x_wconf 83' lang='lat' dir='ltr'><strong>ingentium</strong></span> <span class='ocrx_word' id='word_1_45' title='bbox 1225 476 1414 513; x_wconf 90' lang='lat' dir='ltr'><strong>donorum</strong></span> <span class='ocrx_word' id='word_1_46' title='bbox 1435 484 1454 514; x_wconf 88' lang='grc'><em>5</em></span> 
     </span>
     <span class='ocr_line' id='line_1_7' title="bbox 95 536 1415 586; baseline 0.002 -14"><span class='ocrx_word' id='word_1_47' title='bbox 95 548 272 573; x_wconf 86' lang='lat' dir='ltr'><strong>accensos</strong></span> <span class='ocrx_word' id='word_1_48' title='bbox 298 537 340 573; x_wconf 90' lang='lat' dir='ltr'><strong>in</strong></span> <span class='ocrx_word' id='word_1_49' title='bbox 370 537 547 574; x_wconf 82' lang='lat' dir='ltr'><strong>civitates</strong></span> <span class='ocrx_word' id='word_1_50' title='bbox 579 549 773 586; x_wconf 89' lang='lat' dir='ltr'><strong>quemque</strong></span> <span class='ocrx_word' id='word_1_51' title='bbox 802 549 892 573; x_wconf 87' lang='lat' dir='ltr'><strong>suas</strong></span> <span class='ocrx_word' id='word_1_52' title='bbox 925 536 975 573; x_wconf 88' lang='lat' dir='ltr'><strong>ad</strong></span> <span class='ocrx_word' id='word_1_53' title='bbox 1007 537 1271 574; x_wconf 77' lang='lat' dir='ltr'><strong>sollicitandos</strong></span> <span class='ocrx_word' id='word_1_54' title='bbox 1297 550 1415 586; x_wconf 90' lang='lat' dir='ltr'><strong>popu-</strong></span> 
     </span>
     <span class='ocr_line' id='line_1_8' title="bbox 94 596 1414 647; baseline 0.002 -15"><span class='ocrx_word' id='word_1_55' title='bbox 94 597 237 634; x_wconf 88' lang='lat' dir='ltr'><strong>larium</strong></span> <span class='ocrx_word' id='word_1_56' title='bbox 281 598 432 634; x_wconf 88' lang='lat' dir='ltr'><strong>animos</strong></span> <span class='ocrx_word' id='word_1_57' title='bbox 472 597 630 634; x_wconf 89' lang='lat' dir='ltr'><strong>dimisit.</strong></span> <span class='ocrx_word' id='word_1_58' title='bbox 689 597 722 635; x_wconf 90' lang='lat'><strong>3.</strong></span> <span class='ocrx_word' id='word_1_59' title='bbox 766 596 891 646; x_wconf 82' lang='lat' dir='ltr'><strong>Scipio</strong></span> <span class='ocrx_word' id='word_1_60' title='bbox 938 597 1094 634; x_wconf 85' lang='lat' dir='ltr'><strong>caedem</strong></span> <span class='ocrx_word' id='word_1_61' title='bbox 1134 610 1223 634; x_wconf 86' lang='lat' dir='ltr'><strong>eam</strong></span> <span class='ocrx_word' id='word_1_62' title='bbox 1258 598 1414 647; x_wconf 86' lang='lat' dir='ltr'><strong>signum</strong></span> 
     </span>
     <span class='ocr_line' id='line_1_9' title="bbox 94 657 1414 708; baseline 0.001 -13"><span class='ocrx_word' id='word_1_63' title='bbox 94 657 321 695; x_wconf 88' lang='lat' dir='ltr'><strong>defectionis</strong></span> <span class='ocrx_word' id='word_1_64' title='bbox 351 659 525 695; x_wconf 87' lang='lat' dir='ltr'><strong>omnium</strong></span> <span class='ocrx_word' id='word_1_65' title='bbox 563 658 767 695; x_wconf 82' lang='lat' dir='ltr'>Gallorum</span> <span class='ocrx_word' id='word_1_66' title='bbox 799 670 879 694; x_wconf 86' lang='lat' dir='ltr'><strong>esse</strong></span> <span class='ocrx_word' id='word_1_67' title='bbox 914 662 1039 703; x_wconf 88' lang='lat' dir='ltr'><strong>ratus,</strong></span> <span class='ocrx_word' id='word_1_68' title='bbox 1069 662 1343 708; x_wconf 73' lang='lat' dir='ltr'>contactosque</span> <span class='ocrx_word' id='word_1_69' title='bbox 1370 672 1414 696; x_wconf 92' lang='lat' dir='ltr'><strong>eo</strong></span> 
     </span>
     <span class='ocr_line' id='line_1_10' title="bbox 94 720 1414 774; baseline 0.001 -17"><span class='ocrx_word' id='word_1_70' title='bbox 94 720 235 757; x_wconf 82' lang='lat' dir='ltr'><strong>scelere</strong></span> <span class='ocrx_word' id='word_1_71' title='bbox 253 721 362 757; x_wconf 88' lang='lat' dir='ltr'><strong>velut</strong></span> <span class='ocrx_word' id='word_1_72' title='bbox 389 721 534 774; x_wconf 66' lang='lat' dir='ltr'><strong>injecta</strong></span> <span class='ocrx_word' id='word_1_73' title='bbox 569 720 679 763; x_wconf 79' lang='lat' dir='ltr'><strong>rabie</strong></span> <span class='ocrx_word' id='word_1_74' title='bbox 704 720 752 757; x_wconf 84' lang='lat' dir='ltr'><strong>ad</strong></span> <span class='ocrx_word' id='word_1_75' title='bbox 776 733 887 756; x_wconf 78' lang='lat' dir='ltr'><strong>arma</strong></span> <span class='ocrx_word' id='word_1_76' title='bbox 907 721 1043 766; x_wconf 89' lang='lat' dir='ltr'><strong>ituros,</strong></span> <span class='ocrx_word' id='word_1_77' title='bbox 1073 720 1145 771; x_wconf 84' lang='lat'>(4.)</span> <span class='ocrx_word' id='word_1_78' title='bbox 1174 734 1414 770; x_wconf 84' lang='lat' dir='ltr'><strong>quamquam</strong></span> 
     </span>
     <span class='ocr_line' id='line_1_11' title="bbox 93 781 1472 831; baseline 0 -13"><span class='ocrx_word' id='word_1_79' title='bbox 93 781 224 830; x_wconf 87' lang='lat' dir='ltr'><strong>gravis</strong></span> <span class='ocrx_word' id='word_1_80' title='bbox 260 781 388 818; x_wconf 87' lang='lat' dir='ltr'><strong>adhuc</strong></span> <span class='ocrx_word' id='word_1_81' title='bbox 427 782 591 818; x_wconf 87' lang='lat' dir='ltr'><strong>vulnere</strong></span> <span class='ocrx_word' id='word_1_82' title='bbox 628 784 726 828; x_wconf 86' lang='lat' dir='ltr'><strong>erat,</strong></span> <span class='ocrx_word' id='word_1_83' title='bbox 764 784 901 818; x_wconf 72' lang='lat' dir='ltr'><strong>tamen</strong></span> <span class='ocrx_word' id='word_1_84' title='bbox 938 785 1082 831; x_wconf 90' lang='lat' dir='ltr'><strong>quarta</strong></span> <span class='ocrx_word' id='word_1_85' title='bbox 1118 782 1254 831; x_wconf 80' lang='lat' dir='ltr'><strong>vigilia</strong></span> <span class='ocrx_word' id='word_1_86' title='bbox 1290 783 1414 820; x_wconf 78' lang='lat' dir='ltr'><strong>noctis</strong></span> <span class='ocrx_word' id='word_1_87' title='bbox 1435 789 1472 818; x_wconf 90' lang='grc'><strong>10</strong></span> 
     </span>
     <span class='ocr_line' id='line_1_12' title="bbox 94 841 1413 892; baseline 0.002 -14"><span class='ocrx_word' id='word_1_88' title='bbox 94 843 334 892; x_wconf 87' lang='lat' dir='ltr'><strong>insequentis</strong></span> <span class='ocrx_word' id='word_1_89' title='bbox 352 844 473 880; x_wconf 85' lang='lat' dir='ltr'><strong>tacito</strong></span> <span class='ocrx_word' id='word_1_90' title='bbox 493 843 648 892; x_wconf 78' lang='lat' dir='ltr'><strong>agmine</strong></span> <span class='ocrx_word' id='word_1_91' title='bbox 668 841 865 890; x_wconf 85' lang='lat' dir='ltr'><strong>profectus</strong></span> <span class='ocrx_word' id='word_1_92' title='bbox 883 843 932 879; x_wconf 88' lang='lat' dir='ltr'><strong>ad</strong></span> <span class='ocrx_word' id='word_1_93' title='bbox 951 843 1132 880; x_wconf 84' lang='lat' dir='ltr'><strong>Trebiam</strong></span> <span class='ocrx_word' id='word_1_94' title='bbox 1151 844 1314 880; x_wconf 88' lang='lat' dir='ltr'><strong>fluvium</strong></span> <span class='ocrx_word' id='word_1_95' title='bbox 1333 844 1413 881; x_wconf 85' lang='lat' dir='ltr'><strong>iam</strong></span> 
     </span>
     <span class='ocr_line' id='line_1_13' title="bbox 94 892 1411 953; baseline 0.002 -13"><span class='ocrx_word' id='word_1_96' title='bbox 94 904 135 940; x_wconf 84' lang='lat' dir='ltr'><strong>in</strong></span> <span class='ocrx_word' id='word_1_97' title='bbox 172 904 255 941; x_wconf 91' lang='lat' dir='ltr'><strong>loca</strong></span> <span class='ocrx_word' id='word_1_98' title='bbox 285 905 425 941; x_wconf 82' lang='lat' dir='ltr'><strong>altiora</strong></span> <span class='ocrx_word' id='word_1_99' title='bbox 461 892 643 953; x_wconf 51' lang='lat' dir='ltr'><strong>collssque</strong></span> <span class='ocrx_word' id='word_1_100' title='bbox 679 904 929 953; x_wconf 66' lang='lat' dir='ltr'><strong>inpeditiores</strong></span> <span class='ocrx_word' id='word_1_101' title='bbox 957 904 1082 953; x_wconf 84' lang='lat' dir='ltr'><strong>equiti</strong></span> <span class='ocrx_word' id='word_1_102' title='bbox 1110 908 1239 941; x_wconf 78' lang='lat' dir='ltr'><strong>castra</strong></span> <span class='ocrx_word' id='word_1_103' title='bbox 1270 909 1411 942; x_wconf 85' lang='lat' dir='ltr'><strong>movet.</strong></span> 
     </span>
     <span class='ocr_line' id='line_1_14' title="bbox 96 964 1412 1014; baseline 0.002 -13"><span class='ocrx_word' id='word_1_104' title='bbox 96 966 129 1002; x_wconf 87' lang='lat'><strong>5.</strong></span> <span class='ocrx_word' id='word_1_105' title='bbox 161 965 296 1002; x_wconf 86' lang='lat' dir='ltr'><strong>Minus</strong></span> <span class='ocrx_word' id='word_1_106' title='bbox 325 978 443 1014; x_wconf 88' lang='lat' dir='ltr'><strong>quam</strong></span> <span class='ocrx_word' id='word_1_107' title='bbox 475 966 525 1002; x_wconf 86' lang='lat' dir='ltr'><strong>ad</strong></span> <span class='ocrx_word' id='word_1_108' title='bbox 555 966 736 1002; x_wconf 87' lang='lat' dir='ltr'><strong>Ticinum</strong></span> <span class='ocrx_word' id='word_1_109' title='bbox 772 964 917 1001; x_wconf 84' lang='lat' dir='ltr'><strong>fefellit</strong></span> <span class='ocrx_word' id='word_1_110' title='bbox 932 978 942 1012; x_wconf 80' lang='lat'>3</span> <span class='ocrx_word' id='word_1_111' title='bbox 973 965 1175 1014; x_wconf 76' lang='lat' dir='ltr'><strong>missisque</strong></span> <span class='ocrx_word' id='word_1_112' title='bbox 1206 966 1412 1003; x_wconf 79' lang='lat' dir='ltr'><strong>Hannibal</strong></span> 
     </span>
     <span class='ocr_line' id='line_1_15' title="bbox 94 1026 1632 1082; baseline 0.003 -20"><span class='ocrx_word' id='word_1_113' title='bbox 94 1027 263 1076; x_wconf 82' lang='lat' dir='ltr'><strong>primum</strong></span> <span class='ocrx_word' id='word_1_114' title='bbox 292 1027 475 1063; x_wconf 86' lang='lat' dir='ltr'><strong>Numidis</strong></span> <span class='ocrx_word' id='word_1_115' title='bbox 511 1026 649 1063; x_wconf 89' lang='lat' dir='ltr'><strong>deinde</strong></span> <span class='ocrx_word' id='word_1_116' title='bbox 681 1026 787 1062; x_wconf 88' lang='lat' dir='ltr'><strong>omni</strong></span> <span class='ocrx_word' id='word_1_117' title='bbox 823 1027 1005 1074; x_wconf 86' lang='lat' dir='ltr'><strong>equitatu</strong></span> <span class='ocrx_word' id='word_1_118' title='bbox 1042 1027 1241 1064; x_wconf 85' lang='lat' dir='ltr'><strong>turbasset</strong></span> <span class='ocrx_word' id='word_1_119' title='bbox 1277 1028 1413 1077; x_wconf 89' lang='lat' dir='ltr'><strong>utique</strong></span> <span class='ocrx_word' id='word_1_120' title='bbox 1434 1026 1495 1057; x_wconf 50' lang='lat' dir='ltr'><strong>Cast</strong></span> <span class='ocrx_word' id='word_1_121' title='bbox 1543 1071 1554 1082; x_wconf 38' lang='grc' dir='ltr'>ζ</span> <span class='ocrx_word' id='word_1_122' title='bbox 1625 1062 1632 1067; x_wconf 75' lang='grc'>,</span> 
     </span>
     <span class='ocr_line' id='line_1_16' title="bbox 95 1080 1637 1146; baseline 0.002 -21"><span class='ocrx_word' id='word_1_123' title='bbox 95 1089 342 1125; x_wconf 86' lang='lat' dir='ltr'><strong>novissimum</strong></span> <span class='ocrx_word' id='word_1_124' title='bbox 377 1100 529 1137; x_wconf 80' lang='lat' dir='ltr'><strong>agmen,</strong></span> <span class='ocrx_word' id='word_1_125' title='bbox 543 1088 591 1136; x_wconf 53' lang='lat' dir='ltr'><strong>gi</strong></span> <span class='ocrx_word' id='word_1_126' title='bbox 617 1087 809 1124; x_wconf 80' lang='lat' dir='ltr'><strong>aviditate</strong></span> <span class='ocrx_word' id='word_1_127' title='bbox 829 1088 998 1136; x_wconf 79' lang='lat' dir='ltr'><strong>praedae</strong></span> <span class='ocrx_word' id='word_1_128' title='bbox 1025 1088 1067 1124; x_wconf 91' lang='lat' dir='ltr'><strong>in</strong></span> <span class='ocrx_word' id='word_1_129' title='bbox 1088 1102 1211 1125; x_wconf 84' lang='lat' dir='ltr'><strong>vacua</strong></span> <span class='ocrx_word' id='word_1_130' title='bbox 1232 1090 1412 1126; x_wconf 85' lang='lat' dir='ltr'><strong>Romana</strong></span> <span class='ocrx_word' id='word_1_131' title='bbox 1436 1099 1472 1128; x_wconf 90' lang='lat'><strong>15</strong></span> <span class='ocrx_word' id='word_1_132' title='bbox 1531 1080 1637 1146; x_wconf 41' lang='lat'><strong>&amp;032-</strong></span> 
     </span>
     <span class='ocr_line' id='line_1_17' title="bbox 93 1149 1540 1198; baseline 0.001 -12"><span class='ocrx_word' id='word_1_133' title='bbox 93 1154 223 1186; x_wconf 87' lang='lat' dir='ltr'><strong>castra</strong></span> <span class='ocrx_word' id='word_1_134' title='bbox 235 1150 431 1186; x_wconf 78' lang='lat' dir='ltr'><strong>Numidae</strong></span> <span class='ocrx_word' id='word_1_135' title='bbox 447 1149 712 1187; x_wconf 86' lang='lat' dir='ltr'><strong>devertissent.</strong></span> <span class='ocrx_word' id='word_1_136' title='bbox 773 1149 806 1188; x_wconf 85' lang='lat'><strong>6.</strong></span> <span class='ocrx_word' id='word_1_137' title='bbox 838 1150 902 1185; x_wconf 91' lang='lat' dir='ltr'><strong>Ibi</strong></span> <span class='ocrx_word' id='word_1_138' title='bbox 918 1149 1011 1186; x_wconf 89' lang='lat' dir='ltr'><strong>dum</strong></span> <span class='ocrx_word' id='word_1_139' title='bbox 1024 1154 1316 1198; x_wconf 73' lang='lat' dir='ltr'><strong>perscrutantes</strong></span> <span class='ocrx_word' id='word_1_140' title='bbox 1329 1151 1412 1188; x_wconf 84' lang='lat' dir='ltr'><strong>loca</strong></span> <span class='ocrx_word' id='word_1_141' title='bbox 1534 1159 1540 1171; x_wconf 73' lang='grc'><strong>’-</strong></span> 
     </span>
     <span class='ocr_line' id='line_1_18' title="bbox 93 1210 1583 1263; baseline 0.002 -15"><span class='ocrx_word' id='word_1_142' title='bbox 93 1211 224 1248; x_wconf 85' lang='lat' dir='ltr'><strong>omnia</strong></span> <span class='ocrx_word' id='word_1_143' title='bbox 254 1215 470 1249; x_wconf 84' lang='lat' dir='ltr'><strong>castrorum</strong></span> <span class='ocrx_word' id='word_1_144' title='bbox 500 1210 609 1247; x_wconf 92' lang='lat' dir='ltr'><strong>nullo</strong></span> <span class='ocrx_word' id='word_1_145' title='bbox 639 1210 735 1247; x_wconf 84' lang='lat' dir='ltr'><strong>satis</strong></span> <span class='ocrx_word' id='word_1_146' title='bbox 772 1211 889 1260; x_wconf 85' lang='lat' dir='ltr'><strong>digno</strong></span> <span class='ocrx_word' id='word_1_147' title='bbox 922 1224 1054 1248; x_wconf 73' lang='lat' dir='ltr'><strong>morae</strong></span> <span class='ocrx_word' id='word_1_148' title='bbox 1090 1212 1216 1263; x_wconf 51' lang='lat' dir='ltr'><strong>EQUO</strong></span> <span class='ocrx_word' id='word_1_149' title='bbox 1257 1216 1412 1263; x_wconf 87' lang='lat' dir='ltr'><strong>tempus</strong></span> <span class='ocrx_word' id='word_1_150' title='bbox 1426 1223 1487 1261; x_wconf 55' lang='lat' dir='ltr'><strong>[aa</strong></span> <span class='ocrx_word' id='word_1_151' title='bbox 1505 1232 1533 1246; x_wconf 57' lang='lat' dir='ltr'><strong>s,</strong></span> <span class='ocrx_word' id='word_1_152' title='bbox 1580 1229 1583 1241; x_wconf 69' lang='lat'>³</span> 
     </span>
     <span class='ocr_line' id='line_1_19' title="bbox 93 1272 1411 1320; baseline 0.001 -10"><span class='ocrx_word' id='word_1_153' title='bbox 93 1277 241 1320; x_wconf 86' lang='lat' dir='ltr'><strong>terunt,</strong></span> <span class='ocrx_word' id='word_1_154' title='bbox 271 1273 433 1310; x_wconf 79' lang='lat' dir='ltr'><strong>emissus</strong></span> <span class='ocrx_word' id='word_1_155' title='bbox 461 1272 583 1309; x_wconf 86' lang='lat' dir='ltr'><strong>hostis</strong></span> <span class='ocrx_word' id='word_1_156' title='bbox 614 1276 673 1309; x_wconf 87' lang='lat' dir='ltr'><strong>est</strong></span> <span class='ocrx_word' id='word_1_157' title='bbox 701 1272 747 1308; x_wconf 87' lang='lat' dir='ltr'><strong>de</strong></span> <span class='ocrx_word' id='word_1_158' title='bbox 772 1273 966 1318; x_wconf 87' lang='lat' dir='ltr'><strong>manibus,</strong></span> <span class='ocrx_word' id='word_1_159' title='bbox 999 1276 1039 1310; x_wconf 89' lang='lat' dir='ltr'><strong>et</strong></span> <span class='ocrx_word' id='word_1_160' title='bbox 1059 1287 1148 1311; x_wconf 90' lang='lat' dir='ltr'><strong>cum</strong></span> <span class='ocrx_word' id='word_1_161' title='bbox 1169 1274 1251 1311; x_wconf 88' lang='lat' dir='ltr'><strong>iam</strong></span> <span class='ocrx_word' id='word_1_162' title='bbox 1281 1278 1411 1311; x_wconf 88' lang='lat' dir='ltr'><strong>trans-</strong></span> 
     </span>
     <span class='ocr_line' id='line_1_20' title="bbox 79 1323 1410 1385; baseline 0.001 -13"><span class='ocrx_word' id='word_1_163' title='bbox 79 1348 241 1385; x_wconf 73' lang='lat' dir='ltr'><strong>gressos</strong></span> <span class='ocrx_word' id='word_1_164' title='bbox 258 1335 440 1372; x_wconf 79' lang='lat' dir='ltr'><strong>Trebiam</strong></span> <span class='ocrx_word' id='word_1_165' title='bbox 460 1335 659 1371; x_wconf 85' lang='lat' dir='ltr'><strong>Romanos</strong></span> <span class='ocrx_word' id='word_1_166' title='bbox 678 1323 944 1383; x_wconf 59' lang='lat' dir='ltr'><strong>metantfsque</strong></span> <span class='ocrx_word' id='word_1_167' title='bbox 960 1340 1090 1371; x_wconf 78' lang='lat' dir='ltr'><strong>castra</strong></span> <span class='ocrx_word' id='word_1_168' title='bbox 1109 1336 1410 1385; x_wconf 80' lang='lat' dir='ltr'><strong>conspexissent,</strong></span> 
     </span>
     <span class='ocr_line' id='line_1_21' title="bbox 93 1395 1590 1449; baseline -0.001 -16"><span class='ocrx_word' id='word_1_169' title='bbox 93 1410 234 1447; x_wconf 85' lang='lat' dir='ltr'><strong>paucos</strong></span> <span class='ocrx_word' id='word_1_170' title='bbox 279 1400 520 1433; x_wconf 76' lang='lat' dir='ltr'><strong>moratorum</strong></span> <span class='ocrx_word' id='word_1_171' title='bbox 565 1395 788 1432; x_wconf 87' lang='lat' dir='ltr'><strong>occiderunt</strong></span> <span class='ocrx_word' id='word_1_172' title='bbox 825 1396 926 1433; x_wconf 85' lang='lat' dir='ltr'><strong>citra</strong></span> <span class='ocrx_word' id='word_1_173' title='bbox 969 1397 1115 1434; x_wconf 84' lang='lat' dir='ltr'><strong>flumen</strong></span> <span class='ocrx_word' id='word_1_174' title='bbox 1161 1397 1409 1449; x_wconf 44' lang='lat' dir='ltr'><strong>interceptos.</strong></span> <span class='ocrx_word' id='word_1_175' title='bbox 1429 1405 1491 1434; x_wconf 63' lang='lat'><strong>20,</strong></span> <span class='ocrx_word' id='word_1_176' title='bbox 1582 1419 1590 1432; x_wconf 45' lang='grc' dir='ltr'><strong>-Γ</strong></span> 
     </span>
     <span class='ocr_line' id='line_1_22' title="bbox 95 1448 1585 1510; baseline 0.001 -14"><span class='ocrx_word' id='word_1_177' title='bbox 95 1459 129 1496; x_wconf 89' lang='lat'><strong>7.</strong></span> <span class='ocrx_word' id='word_1_178' title='bbox 160 1459 285 1508; x_wconf 82' lang='lat' dir='ltr'><strong>Scipio</strong></span> <span class='ocrx_word' id='word_1_179' title='bbox 303 1470 375 1510; x_wconf 54' lang='lat' dir='ltr'><strong>n—-ec</strong></span> <span class='ocrx_word' id='word_1_180' title='bbox 392 1457 640 1495; x_wconf 81' lang='lat' dir='ltr'><strong>vexationem</strong></span> <span class='ocrx_word' id='word_1_181' title='bbox 653 1457 827 1494; x_wconf 89' lang='lat' dir='ltr'><strong>vulneris</strong></span> <span class='ocrx_word' id='word_1_182' title='bbox 846 1457 889 1494; x_wconf 94' lang='lat' dir='ltr'><strong>in</strong></span> <span class='ocrx_word' id='word_1_183' title='bbox 909 1458 971 1494; x_wconf 81' lang='lat' dir='ltr'><strong>via</strong></span> <span class='ocrx_word' id='word_1_184' title='bbox 985 1458 1121 1495; x_wconf 78' lang='lat' dir='ltr'><strong>iactati</strong></span> <span class='ocrx_word' id='word_1_185' title='bbox 1137 1459 1243 1495; x_wconf 85' lang='lat' dir='ltr'><strong>ultra</strong></span> <span class='ocrx_word' id='word_1_186' title='bbox 1260 1460 1412 1510; x_wconf 83' lang='lat' dir='ltr'><strong>patiens</strong></span> <span class='ocrx_word' id='word_1_187' title='bbox 1454 1485 1461 1509; x_wconf 59' lang='lat' dir='ltr'>f</span> <span class='ocrx_word' id='word_1_188' title='bbox 1484 1495 1488 1505; x_wconf 87' lang='grc'><em>,</em></span> <span class='ocrx_word' id='word_1_189' title='bbox 1536 1472 1565 1502; x_wconf 47' lang='grc'><strong>,8,</strong></span> <span class='ocrx_word' id='word_1_190' title='bbox 1582 1448 1585 1479; x_wconf 56' lang='lat'><em>3</em></span> 
     </span>
     <span class='ocr_line' id='line_1_23' title="bbox 92 1508 1412 1569; baseline 0.002 -12"><span class='ocrx_word' id='word_1_191' title='bbox 92 1524 133 1557; x_wconf 93' lang='lat' dir='ltr'><strong>et</strong></span> <span class='ocrx_word' id='word_1_192' title='bbox 164 1519 484 1569; x_wconf 76' lang='lat' dir='ltr'><strong>collegam—iam</strong></span> <span class='ocrx_word' id='word_1_193' title='bbox 511 1519 612 1555; x_wconf 85' lang='lat' dir='ltr'><strong>enim</strong></span> <span class='ocrx_word' id='word_1_194' title='bbox 643 1522 684 1555; x_wconf 90' lang='lat' dir='ltr'><strong>et</strong></span> <span class='ocrx_word' id='word_1_195' title='bbox 711 1522 938 1555; x_wconf 87' lang='lat' dir='ltr'><strong>revocatum</strong></span> <span class='ocrx_word' id='word_1_196' title='bbox 958 1531 1005 1555; x_wconf 83' lang='lat' dir='ltr'><strong>ex</strong></span> <span class='ocrx_word' id='word_1_197' title='bbox 1027 1508 1412 1559; x_wconf 54' lang='lat' dir='ltr'><strong>Sicssiffiudierat—</strong></span> 
     </span>
     <span class='ocr_line' id='line_1_24' title="bbox 93 1581 1411 1631; baseline 0.002 -13"><span class='ocrx_word' id='word_1_198' title='bbox 93 1585 205 1619; x_wconf 90' lang='lat' dir='ltr'><strong>ratus</strong></span> <span class='ocrx_word' id='word_1_199' title='bbox 239 1581 537 1631; x_wconf 76' lang='lat' dir='ltr'><strong>expectandum,</strong></span> <span class='ocrx_word' id='word_1_200' title='bbox 574 1581 711 1627; x_wconf 86' lang='lat' dir='ltr'><strong>locum,</strong></span> <span class='ocrx_word' id='word_1_201' title='bbox 750 1581 817 1629; x_wconf 91' lang='lat' dir='ltr'><strong>qui</strong></span> <span class='ocrx_word' id='word_1_202' title='bbox 852 1593 971 1630; x_wconf 90' lang='lat' dir='ltr'><strong>prope</strong></span> <span class='ocrx_word' id='word_1_203' title='bbox 1007 1583 1155 1619; x_wconf 88' lang='lat' dir='ltr'><strong>flumen</strong></span> <span class='ocrx_word' id='word_1_204' title='bbox 1191 1583 1411 1621; x_wconf 87' lang='lat' dir='ltr'><strong>tutissimus</strong></span> 
     </span>
     <span class='ocr_line' id='line_1_25' title="bbox 92 1642 1410 1693; baseline 0.002 -13"><span class='ocrx_word' id='word_1_205' title='bbox 92 1643 247 1681; x_wconf 86' lang='lat' dir='ltr'><strong>stativis</strong></span> <span class='ocrx_word' id='word_1_206' title='bbox 264 1646 324 1680; x_wconf 86' lang='lat' dir='ltr'><strong>est</strong></span> <span class='ocrx_word' id='word_1_207' title='bbox 340 1643 458 1690; x_wconf 82' lang='lat' dir='ltr'><strong>visus,</strong></span> <span class='ocrx_word' id='word_1_208' title='bbox 486 1642 679 1679; x_wconf 87' lang='lat' dir='ltr'><strong>delectum</strong></span> <span class='ocrx_word' id='word_1_209' title='bbox 697 1642 936 1680; x_wconf 82' lang='lat' dir='ltr'><strong>communiit.</strong></span> <span class='ocrx_word' id='word_1_210' title='bbox 994 1644 1029 1680; x_wconf 83' lang='lat'><strong>8.</strong></span> <span class='ocrx_word' id='word_1_211' title='bbox 1059 1643 1143 1680; x_wconf 89' lang='lat' dir='ltr'><strong>Nec</strong></span> <span class='ocrx_word' id='word_1_212' title='bbox 1160 1645 1294 1693; x_wconf 88' lang='lat' dir='ltr'><strong>procul</strong></span> <span class='ocrx_word' id='word_1_213' title='bbox 1320 1646 1410 1683; x_wconf 90' lang='lat' dir='ltr'><strong>inde</strong></span> 
     </span>
     <span class='ocr_line' id='line_1_26' title="bbox 99 1704 1470 1754; baseline 0.001 -12"><span class='ocrx_word' id='word_1_214' title='bbox 99 1705 300 1742; x_wconf 82' lang='lat' dir='ltr'><strong>Hannibal</strong></span> <span class='ocrx_word' id='word_1_215' title='bbox 317 1718 405 1742; x_wconf 91' lang='lat' dir='ltr'><strong>cum</strong></span> <span class='ocrx_word' id='word_1_216' title='bbox 423 1704 666 1750; x_wconf 70' lang='lat' dir='ltr'><strong>consedisset,</strong></span> <span class='ocrx_word' id='word_1_217' title='bbox 685 1708 881 1753; x_wconf 86' lang='lat' dir='ltr'><strong>quantum</strong></span> <span class='ocrx_word' id='word_1_218' title='bbox 901 1705 1063 1741; x_wconf 83' lang='lat' dir='ltr'><strong>victoria</strong></span> <span class='ocrx_word' id='word_1_219' title='bbox 1083 1706 1252 1754; x_wconf 73' lang='lat' dir='ltr'><strong>equestri</strong></span> <span class='ocrx_word' id='word_1_220' title='bbox 1270 1706 1408 1754; x_wconf 87' lang='lat' dir='ltr'><strong>elatus,</strong></span> <span class='ocrx_word' id='word_1_221' title='bbox 1430 1718 1470 1749; x_wconf 88' lang='lat'><strong>25</strong></span> 
     </span>
     <span class='ocr_line' id='line_1_27' title="bbox 92 1766 1409 1816; baseline 0.002 -13"><span class='ocrx_word' id='word_1_222' title='bbox 92 1770 253 1804; x_wconf 89' lang='lat' dir='ltr'><strong>tantum</strong></span> <span class='ocrx_word' id='word_1_223' title='bbox 289 1767 430 1804; x_wconf 78' lang='lat' dir='ltr'><strong>anxius</strong></span> <span class='ocrx_word' id='word_1_224' title='bbox 465 1766 608 1815; x_wconf 88' lang='lat' dir='ltr'><strong>inopia,</strong></span> <span class='ocrx_word' id='word_1_225' title='bbox 646 1778 748 1815; x_wconf 86' lang='lat' dir='ltr'><strong>quae</strong></span> <span class='ocrx_word' id='word_1_226' title='bbox 784 1778 854 1815; x_wconf 88' lang='lat' dir='ltr'><strong>per</strong></span> <span class='ocrx_word' id='word_1_227' title='bbox 886 1766 1059 1804; x_wconf 89' lang='lat' dir='ltr'><strong>hostium</strong></span> <span class='ocrx_word' id='word_1_228' title='bbox 1096 1780 1211 1816; x_wconf 85' lang='lat' dir='ltr'><strong>agros</strong></span> <span class='ocrx_word' id='word_1_229' title='bbox 1249 1772 1409 1806; x_wconf 85' lang='lat' dir='ltr'><strong>euntem</strong></span> 
     </span>
     <span class='ocr_line' id='line_1_28' title="bbox 91 1827 1408 1879; baseline 0.002 -14"><span class='ocrx_word' id='word_1_230' title='bbox 91 1841 286 1878; x_wconf 80' lang='lat' dir='ltr'><strong>nusquam</strong></span> <span class='ocrx_word' id='word_1_231' title='bbox 306 1828 551 1878; x_wconf 88' lang='lat' dir='ltr'><strong>praeparatis</strong></span> <span class='ocrx_word' id='word_1_232' title='bbox 573 1828 853 1865; x_wconf 73' lang='lat' dir='ltr'><strong>commeatibus</strong></span> <span class='ocrx_word' id='word_1_233' title='bbox 871 1828 993 1865; x_wconf 79' lang='lat' dir='ltr'><strong>maior</strong></span> <span class='ocrx_word' id='word_1_234' title='bbox 1011 1828 1053 1864; x_wconf 90' lang='lat' dir='ltr'><strong>in</strong></span> <span class='ocrx_word' id='word_1_235' title='bbox 1080 1827 1161 1865; x_wconf 87' lang='lat' dir='ltr'><strong>dies</strong></span> <span class='ocrx_word' id='word_1_236' title='bbox 1179 1830 1408 1879; x_wconf 70' lang='lat' dir='ltr'><strong>excipiebat,</strong></span> 
     </span>
     <span class='ocr_line' id='line_1_29' title="bbox 92 1889 1408 1939; baseline 0.002 -12"><span class='ocrx_word' id='word_1_237' title='bbox 92 1890 142 1927; x_wconf 88' lang='lat' dir='ltr'><strong>ad</strong></span> <span class='ocrx_word' id='word_1_238' title='bbox 179 1889 412 1927; x_wconf 87' lang='lat' dir='ltr'><strong>Clastidium</strong></span> <span class='ocrx_word' id='word_1_239' title='bbox 452 1890 593 1936; x_wconf 81' lang='lat' dir='ltr'><strong>vicum⁷</strong></span> <span class='ocrx_word' id='word_1_240' title='bbox 633 1902 709 1939; x_wconf 93' lang='lat' dir='ltr'><strong>quo</strong></span> <span class='ocrx_word' id='word_1_241' title='bbox 745 1901 936 1938; x_wconf 86' lang='lat' dir='ltr'><strong>magnum</strong></span> <span class='ocrx_word' id='word_1_242' title='bbox 972 1889 1165 1927; x_wconf 86' lang='lat' dir='ltr'><strong>frumenti</strong></span> <span class='ocrx_word' id='word_1_243' title='bbox 1201 1904 1408 1929; x_wconf 88' lang='lat' dir='ltr'><strong>numerum</strong></span> 
     </span>
     <span class='ocr_line' id='line_1_30' title="bbox 92 1951 1406 2002; baseline 0.002 -13"><span class='ocrx_word' id='word_1_244' title='bbox 92 1955 365 2002; x_wconf 86' lang='lat' dir='ltr'><strong>congesserant</strong></span> <span class='ocrx_word' id='word_1_245' title='bbox 393 1951 575 1997; x_wconf 88' lang='lat' dir='ltr'><strong>Romani,</strong></span> <span class='ocrx_word' id='word_1_246' title='bbox 606 1951 741 1989; x_wconf 87' lang='lat' dir='ltr'><strong>mittit.</strong></span> <span class='ocrx_word' id='word_1_247' title='bbox 814 1951 848 1988; x_wconf 88' lang='lat'><strong>9.</strong></span> <span class='ocrx_word' id='word_1_248' title='bbox 878 1951 942 1987; x_wconf 91' lang='lat' dir='ltr'><strong>Ibi</strong></span> <span class='ocrx_word' id='word_1_249' title='bbox 974 1964 1063 1988; x_wconf 90' lang='lat' dir='ltr'><strong>cum</strong></span> <span class='ocrx_word' id='word_1_250' title='bbox 1095 1952 1175 1989; x_wconf 88' lang='lat' dir='ltr'><strong>vim</strong></span> <span class='ocrx_word' id='word_1_251' title='bbox 1206 1958 1406 2002; x_wconf 86' lang='lat' dir='ltr'><strong>pararent,</strong></span> 
     </span>
     <span class='ocr_line' id='line_1_31' title="bbox 93 2012 1470 2063; baseline 0.001 -12"><span class='ocrx_word' id='word_1_252' title='bbox 93 2026 179 2063; x_wconf 83' lang='lat' dir='ltr'><strong>spes</strong></span> <span class='ocrx_word' id='word_1_253' title='bbox 193 2013 299 2051; x_wconf 86' lang='lat' dir='ltr'><strong>facta</strong></span> <span class='ocrx_word' id='word_1_254' title='bbox 319 2012 570 2063; x_wconf 86' lang='lat' dir='ltr'><strong>proditionis;</strong></span> <span class='ocrx_word' id='word_1_255' title='bbox 590 2025 661 2049; x_wconf 89' lang='lat' dir='ltr'><strong>nec</strong></span> <span class='ocrx_word' id='word_1_256' title='bbox 674 2024 769 2050; x_wconf 85' lang='lat' dir='ltr'><strong>sane</strong></span> <span class='ocrx_word' id='word_1_257' title='bbox 784 2025 927 2061; x_wconf 88' lang='lat' dir='ltr'><strong>magno</strong></span> <span class='ocrx_word' id='word_1_258' title='bbox 941 2013 1078 2062; x_wconf 86' lang='lat' dir='ltr'><strong>pretio,</strong></span> <span class='ocrx_word' id='word_1_259' title='bbox 1095 2015 1266 2051; x_wconf 85' lang='lat' dir='ltr'><strong>nummis</strong></span> <span class='ocrx_word' id='word_1_260' title='bbox 1280 2016 1409 2053; x_wconf 84' lang='lat' dir='ltr'><strong>aureis</strong></span> <span class='ocrx_word' id='word_1_261' title='bbox 1431 2023 1470 2053; x_wconf 89' lang='lat'><strong>30</strong></span> 
     </span>
     <span class='ocr_line' id='line_1_32' title="bbox 92 2074 1409 2126; baseline 0.002 -14"><span class='ocrx_word' id='word_1_262' title='bbox 92 2075 398 2126; x_wconf 83' lang='lat' dir='ltr'><strong>quadringentiS,</strong></span> <span class='ocrx_word' id='word_1_263' title='bbox 429 2074 550 2111; x_wconf 84' lang='lat' dir='ltr'><strong>Dasio</strong></span> <span class='ocrx_word' id='word_1_264' title='bbox 577 2074 826 2121; x_wconf 83' lang='lat' dir='ltr'><strong>Brundisino,</strong></span> <span class='ocrx_word' id='word_1_265' title='bbox 865 2074 1062 2123; x_wconf 86' lang='lat' dir='ltr'><strong>praefecto</strong></span> <span class='ocrx_word' id='word_1_266' title='bbox 1098 2076 1293 2124; x_wconf 88' lang='lat' dir='ltr'><strong>praesidii,</strong></span> <span class='ocrx_word' id='word_1_267' title='bbox 1330 2090 1409 2114; x_wconf 84' lang='lat' dir='ltr'><strong>cor-</strong></span> 
     </span>
     <span class='ocr_line' id='line_1_33' title="bbox 92 2136 1409 2187; baseline 0.002 -13"><span class='ocrx_word' id='word_1_268' title='bbox 92 2141 209 2187; x_wconf 86' lang='lat' dir='ltr'><strong>rupto</strong></span> <span class='ocrx_word' id='word_1_269' title='bbox 225 2137 398 2174; x_wconf 87' lang='lat' dir='ltr'><strong>traditur</strong></span> <span class='ocrx_word' id='word_1_270' title='bbox 417 2136 638 2174; x_wconf 82' lang='lat' dir='ltr'><strong>Hannibali</strong></span> <span class='ocrx_word' id='word_1_271' title='bbox 659 2136 900 2173; x_wconf 85' lang='lat' dir='ltr'><strong>Clastidium·</strong></span> <span class='ocrx_word' id='word_1_272' title='bbox 963 2137 1022 2174; x_wconf 86' lang='lat'><strong>10.</strong></span> <span class='ocrx_word' id='word_1_273' title='bbox 1052 2137 1099 2174; x_wconf 90' lang='lat' dir='ltr'><strong>Id</strong></span> <span class='ocrx_word' id='word_1_274' title='bbox 1118 2137 1303 2176; x_wconf 87' lang='lat' dir='ltr'><strong>horreum</strong></span> <span class='ocrx_word' id='word_1_275' title='bbox 1329 2138 1409 2176; x_wconf 87' lang='lat' dir='ltr'><strong>fuit</strong></span> 
     </span>
     <span class='ocr_line' id='line_1_34' title="bbox 93 2197 1408 2248; baseline 0.001 -11"><span class='ocrx_word' id='word_1_276' title='bbox 93 2199 232 2237; x_wconf 88' lang='lat' dir='ltr'><strong>Poenis</strong></span> <span class='ocrx_word' id='word_1_277' title='bbox 266 2197 490 2236; x_wconf 86' lang='lat' dir='ltr'><strong>sedentibus</strong></span> <span class='ocrx_word' id='word_1_278' title='bbox 520 2197 571 2234; x_wconf 90' lang='lat' dir='ltr'><strong>ad</strong></span> <span class='ocrx_word' id='word_1_279' title='bbox 606 2197 798 2235; x_wconf 85' lang='lat' dir='ltr'><strong>Trebiam.</strong></span> <span class='ocrx_word' id='word_1_280' title='bbox 873 2198 925 2234; x_wconf 90' lang='lat' dir='ltr'><strong>In</strong></span> <span class='ocrx_word' id='word_1_281' title='bbox 967 2198 1142 2248; x_wconf 87' lang='lat' dir='ltr'><strong>captivos</strong></span> <span class='ocrx_word' id='word_1_282' title='bbox 1176 2212 1226 2236; x_wconf 84' lang='lat' dir='ltr'><strong>ex</strong></span> <span class='ocrx_word' id='word_1_283' title='bbox 1261 2200 1408 2238; x_wconf 84' lang='lat' dir='ltr'><strong>tradito</strong></span> 
     </span>
     <span class='ocr_line' id='line_1_35' title="bbox 94 2259 1406 2311; baseline 0 -12"><span class='ocrx_word' id='word_1_284' title='bbox 94 2260 296 2308; x_wconf 80' lang='lat' dir='ltr'><strong>praesidio,</strong></span> <span class='ocrx_word' id='word_1_285' title='bbox 316 2263 362 2296; x_wconf 90' lang='lat' dir='ltr'><strong>ut</strong></span> <span class='ocrx_word' id='word_1_286' title='bbox 375 2260 482 2297; x_wconf 89' lang='lat' dir='ltr'><strong>fama</strong></span> <span class='ocrx_word' id='word_1_287' title='bbox 495 2259 724 2298; x_wconf 86' lang='lat' dir='ltr'><strong>clementiae</strong></span> <span class='ocrx_word' id='word_1_288' title='bbox 738 2260 781 2298; x_wconf 87' lang='lat' dir='ltr'><strong>in</strong></span> <span class='ocrx_word' id='word_1_289' title='bbox 794 2260 983 2310; x_wconf 87' lang='lat' dir='ltr'><strong>principio</strong></span> <span class='ocrx_word' id='word_1_290' title='bbox 1000 2273 1132 2298; x_wconf 84' lang='lat' dir='ltr'><strong>rerum</strong></span> <span class='ocrx_word' id='word_1_291' title='bbox 1147 2261 1406 2311; x_wconf 87' lang='lat' dir='ltr'><strong>colligeretur,</strong></span> 
     </span>
    </p>
   </div>
   <div class='ocr_carea' id='block_1_3' title="bbox 94 2322 1471 2408">
    <p class='ocr_par' dir='ltr' id='par_1_3' title="bbox 94 2322 1471 2408">
     <span class='ocr_line' id='line_1_36' title="bbox 94 2322 1471 2375; baseline -0.003 -14"><span class='ocrx_word' id='word_1_292' title='bbox 94 2323 192 2361; x_wconf 86' lang='lat' dir='ltr'><strong>nihil</strong></span> <span class='ocrx_word' id='word_1_293' title='bbox 209 2322 403 2360; x_wconf 77' lang='lat' dir='ltr'><strong>saevitum</strong></span> <span class='ocrx_word' id='word_1_294' title='bbox 422 2325 493 2360; x_wconf 87' lang='lat' dir='ltr'><strong>est.</strong></span> <span class='ocrx_word' id='word_1_295' title='bbox 797 2358 800 2361; x_wconf 80' lang='grc'>,</span> <span class='ocrx_word' id='word_1_296' title='bbox 1016 2372 1018 2375; x_wconf 11' lang='lat' dir='ltr'>y</span> <span class='ocrx_word' id='word_1_297' title='bbox 1432 2325 1471 2357; x_wconf 84' lang='lat'><strong>35</strong></span> 
     </span>
     <span class='ocr_line' id='line_1_37' title="bbox 801 2379 1049 2408; baseline 0.004 -6"><span class='ocrx_word' id='word_1_298' title='bbox 801 2400 803 2402; x_wconf 87' lang='lat'>.</span> <span class='ocrx_word' id='word_1_299' title='bbox 843 2396 849 2404; x_wconf 59' lang='grc'><strong>,,</strong></span> <span class='ocrx_word' id='word_1_300' title='bbox 891 2395 894 2397; x_wconf 55' lang='grc'><strong>,</strong></span> <span class='ocrx_word' id='word_1_301' title='bbox 996 2379 1018 2404; x_wconf 68' lang='lat' dir='ltr'><strong>s.</strong></span> <span class='ocrx_word' id='word_1_302' title='bbox 1045 2402 1049 2408; x_wconf 81' lang='grc'><strong>,</strong></span> 
     </span>
    </p>
   </div>
   <div class='ocr_carea' id='block_1_4' title="bbox 1502 987 1677 1054">
    <p class='ocr_par' dir='ltr' id='par_1_4' title="bbox 1502 987 1677 1054">
     <span class='ocr_line' id='line_1_38' title="bbox 1502 987 1677 1054; baseline 0 -9"><span class='ocrx_word' id='word_1_303' title='bbox 1502 1005 1643 1054; x_wconf 53' lang='lat' dir='ltr'><strong>„G1›·⁹⁴‘s=.,</strong></span> <span class='ocrx_word' id='word_1_304' title='bbox 1664 987 1677 991; x_wconf 21' lang='lat' dir='ltr'><strong>M</strong></span> 
     </span>
    </p>
   </div>
  </div>
 </body>
</html>
