<?xml version="1.0" encoding="UTF-8"?>
<!DOCTYPE html PUBLIC "-//W3C//DTD XHTML 1.0 Transitional//EN"
    "http://www.w3.org/TR/xhtml1/DTD/xhtml1-transitional.dtd">
<html xmlns="http://www.w3.org/1999/xhtml" xml:lang="en" lang="en">
 <head>
  <title>
</title>
<meta http-equiv="Content-Type" content="text/html;charset=utf-8" />
  <meta name='ocr-system' content='tesseract 3.04.00' />
  <meta name='ocr-capabilities' content='ocr_page ocr_carea ocr_par ocr_line ocrx_word'/>
</head>
<body>
  <div class='ocr_page' id='page_1' title='image "./bookxxi21livyuoft_0081.png"; bbox 0 0 1679 2553; ppageno 0'>
   <div class='ocr_carea' id='block_1_1' title="bbox 656 97 1458 139">
    <p class='ocr_par' dir='ltr' id='par_1_1' title="bbox 656 97 1458 139">
     <span class='ocr_line' id='line_1_1' title="bbox 656 97 1458 139; baseline 0 -2"><span class='ocrx_word' id='word_1_1' title='bbox 656 111 720 139; x_wconf 76' lang='lat' dir='ltr'>cn.</span> <span class='ocrx_word' id='word_1_2' title='bbox 751 111 944 138; x_wconf 82' lang='grc'>1,1.-1,111.</span> <span class='ocrx_word' id='word_1_3' title='bbox 1408 97 1458 137; x_wconf 84' lang='grc'>49</span> 
     </span>
    </p>
   </div>
   <div class='ocr_carea' id='block_1_2' title="bbox 140 203 1462 1714">
    <p class='ocr_par' dir='ltr' id='par_1_2' title="bbox 140 203 1462 1714">
     <span class='ocr_line' id='line_1_2' title="bbox 142 203 1459 253; baseline 0 -13"><span class='ocrx_word' id='word_1_4' title='bbox 142 204 323 249; x_wconf 81' lang='lat' dir='ltr'>Romani,</span> <span class='ocrx_word' id='word_1_5' title='bbox 361 203 473 240; x_wconf 88' lang='lat' dir='ltr'>modo</span> <span class='ocrx_word' id='word_1_6' title='bbox 510 216 560 240; x_wconf 89' lang='lat' dir='ltr'>ne</span> <span class='ocrx_word' id='word_1_7' title='bbox 597 204 688 253; x_wconf 87' lang='lat' dir='ltr'>quid</span> <span class='ocrx_word' id='word_1_8' title='bbox 735 206 949 249; x_wconf 57' lang='lat' dir='ltr'>morerent,</span> <span class='ocrx_word' id='word_1_9' title='bbox 988 215 1111 252; x_wconf 83' lang='lat' dir='ltr'>aequo</span> <span class='ocrx_word' id='word_1_10' title='bbox 1158 203 1266 249; x_wconf 82' lang='lat' dir='ltr'>satis,</span> <span class='ocrx_word' id='word_1_11' title='bbox 1305 203 1459 240; x_wconf 80' lang='lat' dir='ltr'>Poenus</span> 
     </span>
     <span class='ocr_line' id='line_1_3' title="bbox 141 263 1460 314; baseline 0 -14"><span class='ocrx_word' id='word_1_12' title='bbox 141 264 344 314; x_wconf 88' lang='lat' dir='ltr'>periniquo</span> <span class='ocrx_word' id='word_1_13' title='bbox 372 264 505 302; x_wconf 89' lang='lat' dir='ltr'>animo</span> <span class='ocrx_word' id='word_1_14' title='bbox 536 263 701 310; x_wconf 86' lang='lat' dir='ltr'>ferebat,</span> <span class='ocrx_word' id='word_1_15' title='bbox 730 264 780 301; x_wconf 89' lang='lat' dir='ltr'>ab</span> <span class='ocrx_word' id='word_1_16' title='bbox 808 263 932 301; x_wconf 84' lang='lat' dir='ltr'>Gallis</span> <span class='ocrx_word' id='word_1_17' title='bbox 964 264 1135 301; x_wconf 87' lang='lat' dir='ltr'>accitum</span> <span class='ocrx_word' id='word_1_18' title='bbox 1167 276 1208 301; x_wconf 88' lang='lat' dir='ltr'>se</span> <span class='ocrx_word' id='word_1_19' title='bbox 1231 264 1383 301; x_wconf 85' lang='lat' dir='ltr'>venisse</span> <span class='ocrx_word' id='word_1_20' title='bbox 1410 264 1460 300; x_wconf 89' lang='lat' dir='ltr'>ad</span> 
     </span>
     <span class='ocr_line' id='line_1_4' title="bbox 140 325 1460 374; baseline -0.002 -11"><span class='ocrx_word' id='word_1_21' title='bbox 140 326 361 363; x_wconf 84' lang='lat' dir='ltr'>liberandos</span> <span class='ocrx_word' id='word_1_22' title='bbox 379 338 441 363; x_wconf 90' lang='lat' dir='ltr'>eos</span> <span class='ocrx_word' id='word_1_23' title='bbox 459 325 657 362; x_wconf 88' lang='lat' dir='ltr'>dictitans.</span> <span class='ocrx_word' id='word_1_24' title='bbox 716 325 751 362; x_wconf 87' lang='lat'>5.</span> <span class='ocrx_word' id='word_1_25' title='bbox 783 325 842 362; x_wconf 90' lang='lat' dir='ltr'>Ob</span> <span class='ocrx_word' id='word_1_26' title='bbox 872 338 958 362; x_wconf 87' lang='lat' dir='ltr'>eam</span> <span class='ocrx_word' id='word_1_27' title='bbox 978 325 1089 371; x_wconf 79' lang='lat' dir='ltr'>iram,</span> <span class='ocrx_word' id='word_1_28' title='bbox 1111 325 1229 362; x_wconf 82' lang='lat' dir='ltr'>simul</span> <span class='ocrx_word' id='word_1_29' title='bbox 1248 328 1294 362; x_wconf 90' lang='lat' dir='ltr'>ut</span> <span class='ocrx_word' id='word_1_30' title='bbox 1313 325 1460 374; x_wconf 83' lang='lat' dir='ltr'>praeda</span> 
     </span>
     <span class='ocr_line' id='line_1_5' title="bbox 140 386 1460 436; baseline -0.002 -12"><span class='ocrx_word' id='word_1_31' title='bbox 140 387 306 424; x_wconf 88' lang='lat' dir='ltr'>militem</span> <span class='ocrx_word' id='word_1_32' title='bbox 325 386 461 433; x_wconf 88' lang='lat' dir='ltr'>aleret,</span> <span class='ocrx_word' id='word_1_33' title='bbox 481 387 558 423; x_wconf 91' lang='lat' dir='ltr'>duo</span> <span class='ocrx_word' id='word_1_34' title='bbox 576 386 685 423; x_wconf 87' lang='lat' dir='ltr'>milia</span> <span class='ocrx_word' id='word_1_35' title='bbox 705 386 883 435; x_wconf 88' lang='lat' dir='ltr'>peditum</span> <span class='ocrx_word' id='word_1_36' title='bbox 903 390 943 423; x_wconf 87' lang='lat' dir='ltr'>et</span> <span class='ocrx_word' id='word_1_37' title='bbox 962 387 1068 423; x_wconf 84' lang='lat' dir='ltr'>mille</span> <span class='ocrx_word' id='word_1_38' title='bbox 1083 388 1243 436; x_wconf 78' lang='lat' dir='ltr'>equites,</span> <span class='ocrx_word' id='word_1_39' title='bbox 1264 386 1460 423; x_wconf 77' lang='lat' dir='ltr'>Numidas</span> 
     </span>
     <span class='ocr_line' id='line_1_6' title="bbox 141 447 1461 497; baseline -0.001 -12"><span class='ocrx_word' id='word_1_40' title='bbox 141 448 354 497; x_wconf 87' lang='lat' dir='ltr'>plerosque,</span> <span class='ocrx_word' id='word_1_41' title='bbox 374 448 518 485; x_wconf 78' lang='lat' dir='ltr'>mixtos</span> <span class='ocrx_word' id='word_1_42' title='bbox 536 447 722 497; x_wconf 87' lang='lat' dir='ltr'>quosdam</span> <span class='ocrx_word' id='word_1_43' title='bbox 752 451 792 484; x_wconf 88' lang='lat' dir='ltr'>et</span> <span class='ocrx_word' id='word_1_44' title='bbox 812 447 953 493; x_wconf 77' lang='lat' dir='ltr'>Gallos,</span> <span class='ocrx_word' id='word_1_45' title='bbox 974 448 1154 497; x_wconf 88' lang='lat' dir='ltr'>populari</span> <span class='ocrx_word' id='word_1_46' title='bbox 1182 460 1338 485; x_wconf 89' lang='lat' dir='ltr'>omnem</span> <span class='ocrx_word' id='word_1_47' title='bbox 1357 448 1461 484; x_wconf 90' lang='lat' dir='ltr'>dein-</span> 
     </span>
     <span class='ocr_line' id='line_1_7' title="bbox 142 508 1460 559; baseline 0 -14"><span class='ocrx_word' id='word_1_48' title='bbox 142 521 227 558; x_wconf 91' lang='lat' dir='ltr'>ceps</span> <span class='ocrx_word' id='word_1_49' title='bbox 264 521 405 558; x_wconf 84' lang='lat' dir='ltr'>agrum</span> <span class='ocrx_word' id='word_1_50' title='bbox 434 520 557 558; x_wconf 85' lang='lat' dir='ltr'>usque</span> <span class='ocrx_word' id='word_1_51' title='bbox 585 508 634 545; x_wconf 86' lang='lat' dir='ltr'>ad</span> <span class='ocrx_word' id='word_1_52' title='bbox 668 508 767 545; x_wconf 89' lang='lat' dir='ltr'>Padi</span> <span class='ocrx_word' id='word_1_53' title='bbox 799 509 905 557; x_wconf 82' lang='lat' dir='ltr'>ripas</span> <span class='ocrx_word' id='word_1_54' title='bbox 940 508 1064 546; x_wconf 82' lang='lat' dir='ltr'>iussit.</span> <span class='ocrx_word' id='word_1_55' title='bbox 1124 509 1158 547; x_wconf 91' lang='lat'>6.</span> <span class='ocrx_word' id='word_1_56' title='bbox 1189 509 1361 559; x_wconf 83' lang='lat' dir='ltr'>Egentes</span> <span class='ocrx_word' id='word_1_57' title='bbox 1389 522 1460 558; x_wconf 93' lang='lat' dir='ltr'>ope</span> 
     </span>
     <span class='ocr_line' id='line_1_8' title="bbox 141 569 1461 618; baseline -0.001 -11"><span class='ocrx_word' id='word_1_58' title='bbox 141 570 257 617; x_wconf 80' lang='lat' dir='ltr'>Galli,</span> <span class='ocrx_word' id='word_1_59' title='bbox 294 582 383 607; x_wconf 89' lang='lat' dir='ltr'>cum</span> <span class='ocrx_word' id='word_1_60' title='bbox 428 570 479 607; x_wconf 86' lang='lat' dir='ltr'>ad</span> <span class='ocrx_word' id='word_1_61' title='bbox 514 569 552 607; x_wconf 87' lang='lat' dir='ltr'>id</span> <span class='ocrx_word' id='word_1_62' title='bbox 591 569 727 607; x_wconf 88' lang='lat' dir='ltr'>dubios</span> <span class='ocrx_word' id='word_1_63' title='bbox 772 574 994 607; x_wconf 82' lang='lat' dir='ltr'>servassent</span> <span class='ocrx_word' id='word_1_64' title='bbox 1039 571 1201 618; x_wconf 86' lang='lat' dir='ltr'>animos,</span> <span class='ocrx_word' id='word_1_65' title='bbox 1239 570 1365 607; x_wconf 81' lang='lat' dir='ltr'>coacti</span> <span class='ocrx_word' id='word_1_66' title='bbox 1410 570 1461 607; x_wconf 87' lang='lat' dir='ltr'>ab</span> 
     </span>
     <span class='ocr_line' id='line_1_9' title="bbox 141 630 1462 682; baseline -0.001 -13"><span class='ocrx_word' id='word_1_67' title='bbox 141 632 364 670; x_wconf 86' lang='lat' dir='ltr'>auctoribus</span> <span class='ocrx_word' id='word_1_68' title='bbox 381 630 550 669; x_wconf 89' lang='lat' dir='ltr'>iniuriae</span> <span class='ocrx_word' id='word_1_69' title='bbox 569 631 619 668; x_wconf 88' lang='lat' dir='ltr'>ad</span> <span class='ocrx_word' id='word_1_70' title='bbox 646 631 817 668; x_wconf 84' lang='lat' dir='ltr'>vindices</span> <span class='ocrx_word' id='word_1_71' title='bbox 836 631 993 669; x_wconf 84' lang='lat' dir='ltr'>futuros</span> <span class='ocrx_word' id='word_1_72' title='bbox 1012 632 1223 678; x_wconf 85' lang='lat' dir='ltr'>declinant,</span> <span class='ocrx_word' id='word_1_73' title='bbox 1244 633 1462 682; x_wconf 80' lang='lat' dir='ltr'>legatisque</span> 
     </span>
     <span class='ocr_line' id='line_1_10' title="bbox 141 693 1460 732; baseline -0.001 -1"><span class='ocrx_word' id='word_1_74' title='bbox 141 695 190 731; x_wconf 88' lang='lat' dir='ltr'>ad</span> <span class='ocrx_word' id='word_1_75' title='bbox 218 693 393 731; x_wconf 83' lang='lat' dir='ltr'>consules</span> <span class='ocrx_word' id='word_1_76' title='bbox 411 693 536 731; x_wconf 81' lang='lat' dir='ltr'>missis</span> <span class='ocrx_word' id='word_1_77' title='bbox 556 693 747 730; x_wconf 78' lang='lat' dir='ltr'>auxilium</span> <span class='ocrx_word' id='word_1_78' title='bbox 768 693 1038 730; x_wconf 75' lang='lat' dir='ltr'>Romanorum</span> <span class='ocrx_word' id='word_1_79' title='bbox 1058 698 1190 731; x_wconf 78' lang='lat' dir='ltr'>terrae</span> <span class='ocrx_word' id='word_1_80' title='bbox 1218 695 1266 732; x_wconf 84' lang='lat' dir='ltr'>ob</span> <span class='ocrx_word' id='word_1_81' title='bbox 1295 694 1460 730; x_wconf 78' lang='lat' dir='ltr'>nimiam</span> 
     </span>
     <span class='ocr_line' id='line_1_11' title="bbox 140 754 1462 793; baseline -0.002 0"><span class='ocrx_word' id='word_1_82' title='bbox 140 755 335 793; x_wconf 88' lang='lat' dir='ltr'>cultorum</span> <span class='ocrx_word' id='word_1_83' title='bbox 364 755 479 792; x_wconf 89' lang='lat' dir='ltr'>fidem</span> <span class='ocrx_word' id='word_1_84' title='bbox 507 755 547 791; x_wconf 90' lang='lat' dir='ltr'>in</span> <span class='ocrx_word' id='word_1_85' title='bbox 576 755 774 792; x_wconf 85' lang='lat' dir='ltr'>Romanos</span> <span class='ocrx_word' id='word_1_86' title='bbox 801 754 999 792; x_wconf 85' lang='lat' dir='ltr'>laboranti</span> <span class='ocrx_word' id='word_1_87' title='bbox 1028 759 1155 792; x_wconf 82' lang='lat' dir='ltr'>orant.</span> <span class='ocrx_word' id='word_1_88' title='bbox 1216 756 1249 792; x_wconf 88' lang='lat'>7.</span> <span class='ocrx_word' id='word_1_89' title='bbox 1283 755 1462 792; x_wconf 71' lang='lat' dir='ltr'>Cornelio</span> 
     </span>
     <span class='ocr_line' id='line_1_12' title="bbox 141 816 1461 866; baseline -0.002 -12"><span class='ocrx_word' id='word_1_90' title='bbox 141 830 212 855; x_wconf 88' lang='lat' dir='ltr'>nec</span> <span class='ocrx_word' id='word_1_91' title='bbox 242 829 361 854; x_wconf 84' lang='lat' dir='ltr'>causa</span> <span class='ocrx_word' id='word_1_92' title='bbox 396 828 468 854; x_wconf 89' lang='grc'>1100</span> <span class='ocrx_word' id='word_1_93' title='bbox 503 820 659 866; x_wconf 86' lang='lat' dir='ltr'>tempus</span> <span class='ocrx_word' id='word_1_94' title='bbox 695 816 870 865; x_wconf 79' lang='lat' dir='ltr'>agendae</span> <span class='ocrx_word' id='word_1_95' title='bbox 898 817 954 852; x_wconf 90' lang='lat' dir='ltr'>rei</span> <span class='ocrx_word' id='word_1_96' title='bbox 983 817 1176 866; x_wconf 86' lang='lat' dir='ltr'>placebat,</span> <span class='ocrx_word' id='word_1_97' title='bbox 1205 821 1461 866; x_wconf 74' lang='lat' dir='ltr'>suspectaque</span> 
     </span>
     <span class='ocr_line' id='line_1_13' title="bbox 141 877 1461 929; baseline -0.002 -13"><span class='ocrx_word' id='word_1_98' title='bbox 141 880 177 916; x_wconf 98' lang='grc'>01</span> <span class='ocrx_word' id='word_1_99' title='bbox 203 891 298 929; x_wconf 87' lang='lat' dir='ltr'>gens</span> <span class='ocrx_word' id='word_1_100' title='bbox 329 881 416 916; x_wconf 88' lang='lat' dir='ltr'>erat</span> <span class='ocrx_word' id='word_1_101' title='bbox 437 891 525 916; x_wconf 88' lang='lat' dir='ltr'>cum</span> <span class='ocrx_word' id='word_1_102' title='bbox 561 879 610 916; x_wconf 92' lang='lat' dir='ltr'>ob</span> <span class='ocrx_word' id='word_1_103' title='bbox 637 878 759 915; x_wconf 83' lang='lat' dir='ltr'>infida</span> <span class='ocrx_word' id='word_1_104' title='bbox 796 878 924 915; x_wconf 82' lang='lat' dir='ltr'>multa</span> <span class='ocrx_word' id='word_1_105' title='bbox 955 877 1145 925; x_wconf 79' lang='lat' dir='ltr'>facinora,</span> <span class='ocrx_word' id='word_1_106' title='bbox 1175 883 1274 924; x_wconf 87' lang='lat' dir='ltr'>tum,</span> <span class='ocrx_word' id='word_1_107' title='bbox 1310 882 1354 915; x_wconf 90' lang='lat' dir='ltr'>ut</span> <span class='ocrx_word' id='word_1_108' title='bbox 1383 878 1461 914; x_wconf 81' lang='lat' dir='ltr'>alia</span> 
     </span>
     <span class='ocr_line' id='line_1_14' title="bbox 145 940 1460 989; baseline -0.002 -11"><span class='ocrx_word' id='word_1_109' title='bbox 145 944 340 979; x_wconf 83' lang='lat' dir='ltr'>vetustate</span> <span class='ocrx_word' id='word_1_110' title='bbox 366 941 652 988; x_wconf 81' lang='lat' dir='ltr'>obsolevissent,</span> <span class='ocrx_word' id='word_1_111' title='bbox 690 941 739 977; x_wconf 93' lang='lat' dir='ltr'>ob</span> <span class='ocrx_word' id='word_1_112' title='bbox 775 944 971 977; x_wconf 75' lang='lat' dir='ltr'>recentem</span> <span class='ocrx_word' id='word_1_113' title='bbox 1009 941 1195 977; x_wconf 88' lang='lat' dir='ltr'>Boiorum</span> <span class='ocrx_word' id='word_1_114' title='bbox 1232 940 1460 989; x_wconf 67' lang='lat' dir='ltr'>perfidiam5</span> 
     </span>
     <span class='ocr_line' id='line_1_15' title="bbox 143 1002 1461 1052; baseline -0.002 -12"><span class='ocrx_word' id='word_1_115' title='bbox 143 1004 178 1040; x_wconf 90' lang='lat'>8.</span> <span class='ocrx_word' id='word_1_116' title='bbox 208 1003 458 1052; x_wconf 69' lang='lat' dir='ltr'>Sempronius</span> <span class='ocrx_word' id='word_1_117' title='bbox 485 1006 623 1039; x_wconf 81' lang='lat' dir='ltr'>contra</span> <span class='ocrx_word' id='word_1_118' title='bbox 659 1002 904 1039; x_wconf 74' lang='lat' dir='ltr'>continendis</span> <span class='ocrx_word' id='word_1_119' title='bbox 931 1002 973 1039; x_wconf 91' lang='lat' dir='ltr'>in</span> <span class='ocrx_word' id='word_1_120' title='bbox 1002 1003 1076 1039; x_wconf 85' lang='lat' dir='ltr'>fide</span> <span class='ocrx_word' id='word_1_121' title='bbox 1104 1003 1214 1039; x_wconf 89' lang='lat' dir='ltr'>sociis</span> <span class='ocrx_word' id='word_1_122' title='bbox 1244 1002 1461 1038; x_wconf 69' lang='lat' dir='ltr'>maximum</span> 
     </span>
     <span class='ocr_line' id='line_1_16' title="bbox 141 1063 1460 1112; baseline -0.002 -11"><span class='ocrx_word' id='word_1_123' title='bbox 141 1063 339 1101; x_wconf 88' lang='lat' dir='ltr'>vinculum</span> <span class='ocrx_word' id='word_1_124' title='bbox 359 1075 439 1100; x_wconf 86' lang='lat' dir='ltr'>esse</span> <span class='ocrx_word' id='word_1_125' title='bbox 458 1063 611 1112; x_wconf 87' lang='lat' dir='ltr'>primos,</span> <span class='ocrx_word' id='word_1_126' title='bbox 632 1063 700 1112; x_wconf 90' lang='lat' dir='ltr'>qui</span> <span class='ocrx_word' id='word_1_127' title='bbox 727 1063 925 1111; x_wconf 71' lang='lat' dir='ltr'>eguissent,</span> <span class='ocrx_word' id='word_1_128' title='bbox 952 1076 1035 1112; x_wconf 84' lang='lat' dir='ltr'>ope,</span> <span class='ocrx_word' id='word_1_129' title='bbox 1059 1063 1236 1100; x_wconf 82' lang='lat' dir='ltr'>defensos</span> <span class='ocrx_word' id='word_1_130' title='bbox 1264 1063 1460 1099; x_wconf 74' lang='lat' dir='ltr'>censebat.</span> 
     </span>
     <span class='ocr_line' id='line_1_17' title="bbox 144 1123 1461 1175; baseline -0.002 -13"><span class='ocrx_word' id='word_1_131' title='bbox 144 1126 177 1163; x_wconf 91' lang='lat'>9.</span> <span class='ocrx_word' id='word_1_132' title='bbox 207 1124 378 1175; x_wconf 82' lang='lat' dir='ltr'>Conlega</span> <span class='ocrx_word' id='word_1_133' title='bbox 397 1128 609 1161; x_wconf 70' lang='lat' dir='ltr'>cunctante</span> <span class='ocrx_word' id='word_1_134' title='bbox 636 1123 860 1173; x_wconf 73' lang='lat' dir='ltr'>equitatum</span> <span class='ocrx_word' id='word_1_135' title='bbox 888 1136 1001 1160; x_wconf 87' lang='lat' dir='ltr'>suum</span> <span class='ocrx_word' id='word_1_136' title='bbox 1022 1124 1127 1160; x_wconf 88' lang='lat' dir='ltr'>mille</span> <span class='ocrx_word' id='word_1_137' title='bbox 1156 1124 1332 1173; x_wconf 85' lang='lat' dir='ltr'>peditum</span> <span class='ocrx_word' id='word_1_138' title='bbox 1359 1124 1461 1159; x_wconf 80' lang='lat' dir='ltr'>iacu-</span> 
     </span>
     <span class='ocr_line' id='line_1_18' title="bbox 141 1184 1462 1234; baseline -0.002 -11"><span class='ocrx_word' id='word_1_139' title='bbox 141 1186 332 1223; x_wconf 83' lang='lat' dir='ltr'>latoribus</span> <span class='ocrx_word' id='word_1_140' title='bbox 359 1186 482 1222; x_wconf 82' lang='lat' dir='ltr'>ferme</span> <span class='ocrx_word' id='word_1_141' title='bbox 501 1185 687 1223; x_wconf 73' lang='lat' dir='ltr'>admixtis</span> <span class='ocrx_word' id='word_1_142' title='bbox 714 1185 764 1222; x_wconf 84' lang='lat' dir='ltr'>ad</span> <span class='ocrx_word' id='word_1_143' title='bbox 784 1184 1070 1222; x_wconf 81' lang='lat' dir='ltr'>defendendum</span> <span class='ocrx_word' id='word_1_144' title='bbox 1099 1185 1293 1222; x_wconf 82' lang='lat' dir='ltr'>Gallicum</span> <span class='ocrx_word' id='word_1_145' title='bbox 1322 1197 1462 1234; x_wconf 80' lang='lat' dir='ltr'>agrum</span> 
     </span>
     <span class='ocr_line' id='line_1_19' title="bbox 142 1246 1462 1296; baseline -0.003 -11"><span class='ocrx_word' id='word_1_146' title='bbox 142 1251 254 1285; x_wconf 82' lang='lat' dir='ltr'>trans</span> <span class='ocrx_word' id='word_1_147' title='bbox 272 1247 456 1284; x_wconf 85' lang='lat' dir='ltr'>Trebiam</span> <span class='ocrx_word' id='word_1_148' title='bbox 474 1247 613 1284; x_wconf 78' lang='lat' dir='ltr'>mittit.</span> <span class='ocrx_word' id='word_1_149' title='bbox 672 1248 731 1285; x_wconf 88' lang='lat'>10.</span> <span class='ocrx_word' id='word_1_150' title='bbox 764 1247 925 1296; x_wconf 79' lang='lat' dir='ltr'>Sparsos</span> <span class='ocrx_word' id='word_1_151' title='bbox 950 1251 990 1284; x_wconf 92' lang='lat' dir='ltr'>et</span> <span class='ocrx_word' id='word_1_152' title='bbox 1019 1247 1292 1296; x_wconf 78' lang='lat' dir='ltr'>inconpositos,</span> <span class='ocrx_word' id='word_1_153' title='bbox 1313 1246 1364 1282; x_wconf 81' lang='lat' dir='ltr'>ad</span> <span class='ocrx_word' id='word_1_154' title='bbox 1392 1246 1462 1282; x_wconf 88' lang='lat' dir='ltr'>hcc</span> 
     </span>
     <span class='ocr_line' id='line_1_20' title="bbox 142 1308 1461 1358; baseline -0.002 -13"><span class='ocrx_word' id='word_1_155' title='bbox 142 1321 281 1358; x_wconf 85' lang='lat' dir='ltr'>graves</span> <span class='ocrx_word' id='word_1_156' title='bbox 298 1308 444 1357; x_wconf 85' lang='lat' dir='ltr'>praeda</span> <span class='ocrx_word' id='word_1_157' title='bbox 462 1308 664 1357; x_wconf 87' lang='lat' dir='ltr'>plerosque</span> <span class='ocrx_word' id='word_1_158' title='bbox 681 1320 770 1344; x_wconf 90' lang='lat' dir='ltr'>cum</span> <span class='ocrx_word' id='word_1_159' title='bbox 782 1308 985 1357; x_wconf 87' lang='lat' dir='ltr'>inopinato</span> <span class='ocrx_word' id='word_1_160' title='bbox 999 1309 1245 1354; x_wconf 79' lang='lat' dir='ltr'>invasissent,</span> <span class='ocrx_word' id='word_1_161' title='bbox 1261 1308 1461 1356; x_wconf 80' lang='lat' dir='ltr'>ingentem</span> 
     </span>
     <span class='ocr_line' id='line_1_21' title="bbox 142 1370 1462 1420; baseline -0.002 -13"><span class='ocrx_word' id='word_1_162' title='bbox 142 1374 331 1407; x_wconf 80' lang='lat' dir='ltr'>terrorem</span> <span class='ocrx_word' id='word_1_163' title='bbox 351 1370 584 1419; x_wconf 88' lang='lat' dir='ltr'>caedemque</span> <span class='ocrx_word' id='word_1_164' title='bbox 602 1383 647 1407; x_wconf 85' lang='lat' dir='ltr'>ac</span> <span class='ocrx_word' id='word_1_165' title='bbox 666 1370 802 1419; x_wconf 83' lang='lat' dir='ltr'>fugam</span> <span class='ocrx_word' id='word_1_166' title='bbox 823 1383 945 1420; x_wconf 87' lang='lat' dir='ltr'>usque</span> <span class='ocrx_word' id='word_1_167' title='bbox 966 1371 1014 1407; x_wconf 78' lang='lat' dir='ltr'>ad</span> <span class='ocrx_word' id='word_1_168' title='bbox 1036 1374 1166 1407; x_wconf 77' lang='lat' dir='ltr'>castra</span> <span class='ocrx_word' id='word_1_169' title='bbox 1195 1370 1462 1419; x_wconf 74' lang='lat' dir='ltr'>stationesque</span> 
     </span>
     <span class='ocr_line' id='line_1_22' title="bbox 143 1431 1462 1482; baseline -0.002 -13"><span class='ocrx_word' id='word_1_170' title='bbox 143 1433 315 1469; x_wconf 81' lang='lat' dir='ltr'>hostium</span> <span class='ocrx_word' id='word_1_171' title='bbox 334 1431 477 1479; x_wconf 83' lang='lat' dir='ltr'>fecere;</span> <span class='ocrx_word' id='word_1_172' title='bbox 492 1432 596 1468; x_wconf 90' lang='lat' dir='ltr'>unde</span> <span class='ocrx_word' id='word_1_173' title='bbox 615 1432 871 1469; x_wconf 88' lang='lat' dir='ltr'>multitudine</span> <span class='ocrx_word' id='word_1_174' title='bbox 890 1433 1011 1469; x_wconf 62' lang='lat' dir='ltr'>effusa</span> <span class='ocrx_word' id='word_1_175' title='bbox 1027 1433 1129 1482; x_wconf 84' lang='lat' dir='ltr'>pulsi</span> <span class='ocrx_word' id='word_1_176' title='bbox 1144 1444 1280 1469; x_wconf 84' lang='lat' dir='ltr'>rursus</span> <span class='ocrx_word' id='word_1_177' title='bbox 1294 1431 1462 1468; x_wconf 91' lang='lat' dir='ltr'>subsidio</span> 
     </span>
     <span class='ocr_line' id='line_1_23' title="bbox 143 1492 1461 1542; baseline -0.002 -12"><span class='ocrx_word' id='word_1_178' title='bbox 143 1506 302 1530; x_wconf 87' lang='lat' dir='ltr'>suorum</span> <span class='ocrx_word' id='word_1_179' title='bbox 339 1492 530 1542; x_wconf 89' lang='lat' dir='ltr'>proelium</span> <span class='ocrx_word' id='word_1_180' title='bbox 566 1493 785 1530; x_wconf 83' lang='lat' dir='ltr'>restituere.</span> <span class='ocrx_word' id='word_1_181' title='bbox 863 1494 922 1530; x_wconf 89' lang='grc'>11.</span> <span class='ocrx_word' id='word_1_182' title='bbox 953 1494 1079 1529; x_wconf 77' lang='lat' dir='ltr'>Varia</span> <span class='ocrx_word' id='word_1_183' title='bbox 1117 1493 1209 1530; x_wconf 89' lang='lat' dir='ltr'>inde</span> <span class='ocrx_word' id='word_1_184' title='bbox 1244 1505 1378 1542; x_wconf 78' lang='lat' dir='ltr'>pugna</span> <span class='ocrx_word' id='word_1_185' title='bbox 1408 1505 1461 1529; x_wconf 86' lang='lat' dir='ltr'>se-</span> 
     </span>
     <span class='ocr_line' id='line_1_24' title="bbox 143 1554 1462 1604; baseline -0.002 -13"><span class='ocrx_word' id='word_1_186' title='bbox 143 1558 308 1604; x_wconf 84' lang='lat' dir='ltr'>quentes</span> <span class='ocrx_word' id='word_1_187' title='bbox 342 1555 448 1590; x_wconf 90' lang='lat' dir='ltr'>inter</span> <span class='ocrx_word' id='word_1_188' title='bbox 483 1554 740 1603; x_wconf 83' lang='lat' dir='ltr'>cedentesque</span> <span class='ocrx_word' id='word_1_189' title='bbox 769 1567 858 1591; x_wconf 90' lang='lat' dir='ltr'>cum</span> <span class='ocrx_word' id='word_1_190' title='bbox 889 1556 937 1591; x_wconf 81' lang='lat' dir='ltr'>ad</span> <span class='ocrx_word' id='word_1_191' title='bbox 975 1560 1194 1591; x_wconf 62' lang='lat' dir='ltr'>extremum</span> <span class='ocrx_word' id='word_1_192' title='bbox 1227 1557 1462 1603; x_wconf 82' lang='lat' dir='ltr'>aequassent</span> 
     </span>
     <span class='ocr_line' id='line_1_25' title="bbox 144 1614 1462 1665; baseline -0.002 -12"><span class='ocrx_word' id='word_1_193' title='bbox 144 1619 354 1661; x_wconf 81' lang='lat' dir='ltr'>certamen,</span> <span class='ocrx_word' id='word_1_194' title='bbox 392 1614 516 1651; x_wconf 82' lang='lat' dir='ltr'>maior</span> <span class='ocrx_word' id='word_1_195' title='bbox 551 1618 688 1651; x_wconf 79' lang='lat' dir='ltr'>tamen</span> <span class='ocrx_word' id='word_1_196' title='bbox 726 1614 897 1652; x_wconf 88' lang='lat' dir='ltr'>hostium</span> <span class='ocrx_word' id='word_1_197' title='bbox 929 1616 1074 1662; x_wconf 68' lang='lat' dir='ltr'>caedes,</span> <span class='ocrx_word' id='word_1_198' title='bbox 1113 1629 1230 1665; x_wconf 81' lang='lat' dir='ltr'>penes</span> <span class='ocrx_word' id='word_1_199' title='bbox 1263 1615 1462 1652; x_wconf 78' lang='lat' dir='ltr'>Romanos</span> 
     </span>
     <span class='ocr_line' id='line_1_26' title="bbox 144 1677 576 1714; baseline -0.002 0"><span class='ocrx_word' id='word_1_200' title='bbox 144 1678 252 1714; x_wconf 84' lang='lat' dir='ltr'>fama</span> <span class='ocrx_word' id='word_1_201' title='bbox 275 1678 461 1714; x_wconf 82' lang='lat' dir='ltr'>victoriae</span> <span class='ocrx_word' id='word_1_202' title='bbox 487 1677 576 1714; x_wconf 84' lang='lat' dir='ltr'>fuit.</span> 
     </span>
    </p>
   </div>
   <div class='ocr_carea' id='block_1_3' title="bbox 144 1794 1465 2278">
    <p class='ocr_par' dir='ltr' id='par_1_3' title="bbox 144 1794 1465 2278">
     <span class='ocr_line' id='line_1_27' title="bbox 198 1794 1460 1847; baseline 0.001 -14"><span class='ocrx_word' id='word_1_203' title='bbox 198 1794 308 1833; x_wconf 82' lang='lat' dir='ltr'><strong>LIII.</strong></span> <span class='ocrx_word' id='word_1_204' title='bbox 338 1797 523 1834; x_wconf 82' lang='lat' dir='ltr'>Ceterum</span> <span class='ocrx_word' id='word_1_205' title='bbox 553 1797 700 1834; x_wconf 87' lang='lat' dir='ltr'>nemini</span> <span class='ocrx_word' id='word_1_206' title='bbox 733 1798 909 1835; x_wconf 90' lang='lat' dir='ltr'>omnium</span> <span class='ocrx_word' id='word_1_207' title='bbox 942 1799 1066 1835; x_wconf 86' lang='lat' dir='ltr'>maior</span> <span class='ocrx_word' id='word_1_208' title='bbox 1096 1798 1312 1847; x_wconf 78' lang='lat' dir='ltr'>iustiorque</span> <span class='ocrx_word' id='word_1_209' title='bbox 1341 1810 1460 1846; x_wconf 87' lang='lat' dir='ltr'>quam</span> 
     </span>
     <span class='ocr_line' id='line_1_28' title="bbox 144 1858 1463 1909; baseline 0.002 -15"><span class='ocrx_word' id='word_1_210' title='bbox 144 1858 218 1908; x_wconf 87' lang='lat' dir='ltr'>ipsi</span> <span class='ocrx_word' id='word_1_211' title='bbox 237 1858 384 1895; x_wconf 84' lang='lat' dir='ltr'>consuli</span> <span class='ocrx_word' id='word_1_212' title='bbox 403 1858 526 1895; x_wconf 86' lang='lat' dir='ltr'>videri</span> <span class='ocrx_word' id='word_1_213' title='bbox 541 1871 551 1905; x_wconf 84' lang='lat'>3</span> <span class='ocrx_word' id='word_1_214' title='bbox 581 1858 722 1907; x_wconf 84' lang='lat' dir='ltr'>gaudio</span> <span class='ocrx_word' id='word_1_215' title='bbox 742 1859 881 1906; x_wconf 82' lang='lat' dir='ltr'>efferri,</span> <span class='ocrx_word' id='word_1_216' title='bbox 901 1872 980 1909; x_wconf 91' lang='lat' dir='ltr'>qua</span> <span class='ocrx_word' id='word_1_217' title='bbox 999 1863 1114 1909; x_wconf 85' lang='lat' dir='ltr'>parte</span> <span class='ocrx_word' id='word_1_218' title='bbox 1141 1860 1342 1909; x_wconf 83' lang='lat' dir='ltr'>copiarum</span> <span class='ocrx_word' id='word_1_219' title='bbox 1362 1859 1463 1896; x_wconf 77' lang='lat' dir='ltr'>alter</span> 
     </span>
     <span class='ocr_line' id='line_1_29' title="bbox 146 1919 1463 1965; baseline 0.001 -8"><span class='ocrx_word' id='word_1_220' title='bbox 146 1919 279 1957; x_wconf 86' lang='lat' dir='ltr'>consul</span> <span class='ocrx_word' id='word_1_221' title='bbox 298 1919 423 1956; x_wconf 85' lang='lat' dir='ltr'>victus</span> <span class='ocrx_word' id='word_1_222' title='bbox 442 1919 556 1965; x_wconf 84' lang='lat' dir='ltr'>foret,</span> <span class='ocrx_word' id='word_1_223' title='bbox 576 1931 623 1956; x_wconf 88' lang='lat' dir='ltr'>ea</span> <span class='ocrx_word' id='word_1_224' title='bbox 642 1932 682 1956; x_wconf 87' lang='lat' dir='ltr'>se</span> <span class='ocrx_word' id='word_1_225' title='bbox 710 1920 854 1957; x_wconf 88' lang='lat' dir='ltr'>vicisse.</span> <span class='ocrx_word' id='word_1_226' title='bbox 912 1922 946 1958; x_wconf 84' lang='lat'>2.</span> <span class='ocrx_word' id='word_1_227' title='bbox 977 1921 1198 1958; x_wconf 86' lang='lat' dir='ltr'>Restitutos</span> <span class='ocrx_word' id='word_1_228' title='bbox 1225 1934 1271 1958; x_wconf 88' lang='lat' dir='ltr'>ac</span> <span class='ocrx_word' id='word_1_229' title='bbox 1297 1921 1463 1958; x_wconf 80' lang='lat' dir='ltr'>refectos</span> 
     </span>
     <span class='ocr_line' id='line_1_30' title="bbox 146 1980 1462 2031; baseline 0.002 -15"><span class='ocrx_word' id='word_1_230' title='bbox 146 1980 337 2017; x_wconf 76' lang='lat' dir='ltr'>militibus</span> <span class='ocrx_word' id='word_1_231' title='bbox 355 1980 517 2027; x_wconf 81' lang='lat' dir='ltr'>animos,</span> <span class='ocrx_word' id='word_1_232' title='bbox 537 1993 606 2017; x_wconf 88' lang='grc'>000</span> <span class='ocrx_word' id='word_1_233' title='bbox 625 1993 860 2030; x_wconf 87' lang='lat' dir='ltr'>quemquam</span> <span class='ocrx_word' id='word_1_234' title='bbox 880 1995 961 2019; x_wconf 83' lang='lat' dir='ltr'>esse</span> <span class='ocrx_word' id='word_1_235' title='bbox 985 1986 1143 2031; x_wconf 85' lang='lat' dir='ltr'>praeter</span> <span class='ocrx_word' id='word_1_236' title='bbox 1162 1982 1374 2031; x_wconf 80' lang='lat' dir='ltr'>conlegam,</span> <span class='ocrx_word' id='word_1_237' title='bbox 1394 1982 1462 2031; x_wconf 90' lang='lat' dir='ltr'>qui</span> 
     </span>
     <span class='ocr_line' id='line_1_31' title="bbox 147 2041 1460 2093; baseline 0 -14"><span class='ocrx_word' id='word_1_238' title='bbox 147 2041 311 2079; x_wconf 87' lang='lat' dir='ltr'>dilatam</span> <span class='ocrx_word' id='word_1_239' title='bbox 339 2041 628 2078; x_wconf 84' lang='lat' dir='ltr'>dimicationem</span> <span class='ocrx_word' id='word_1_240' title='bbox 647 2043 787 2090; x_wconf 78' lang='lat' dir='ltr'>vellet3</span> <span class='ocrx_word' id='word_1_241' title='bbox 816 2055 906 2080; x_wconf 90' lang='lat' dir='ltr'>eum</span> <span class='ocrx_word' id='word_1_242' title='bbox 925 2043 1056 2080; x_wconf 87' lang='lat' dir='ltr'>animo</span> <span class='ocrx_word' id='word_1_243' title='bbox 1084 2044 1207 2092; x_wconf 74' lang='lat' dir='ltr'>magis</span> <span class='ocrx_word' id='word_1_244' title='bbox 1235 2057 1353 2093; x_wconf 78' lang='lat' dir='ltr'>quam</span> <span class='ocrx_word' id='word_1_245' title='bbox 1380 2057 1460 2080; x_wconf 83' lang='lat' dir='ltr'>cor-</span> 
     </span>
     <span class='ocr_line' id='line_1_32' title="bbox 147 2103 1461 2153; baseline 0.001 -12"><span class='ocrx_word' id='word_1_246' title='bbox 147 2117 239 2153; x_wconf 88' lang='lat' dir='ltr'>pore</span> <span class='ocrx_word' id='word_1_247' title='bbox 258 2115 420 2153; x_wconf 85' lang='lat' dir='ltr'>aegrum</span> <span class='ocrx_word' id='word_1_248' title='bbox 439 2103 625 2140; x_wconf 87' lang='lat' dir='ltr'>memoria</span> <span class='ocrx_word' id='word_1_249' title='bbox 644 2104 816 2141; x_wconf 86' lang='lat' dir='ltr'>vulneris</span> <span class='ocrx_word' id='word_1_250' title='bbox 833 2105 957 2142; x_wconf 87' lang='lat' dir='ltr'>aciem</span> <span class='ocrx_word' id='word_1_251' title='bbox 976 2118 1020 2142; x_wconf 88' lang='lat' dir='ltr'>ac</span> <span class='ocrx_word' id='word_1_252' title='bbox 1033 2105 1113 2141; x_wconf 89' lang='lat' dir='ltr'>tela</span> <span class='ocrx_word' id='word_1_253' title='bbox 1133 2105 1302 2142; x_wconf 83' lang='lat' dir='ltr'>horrere.</span> <span class='ocrx_word' id='word_1_254' title='bbox 1334 2106 1368 2142; x_wconf 83' lang='lat'>3.</span> <span class='ocrx_word' id='word_1_255' title='bbox 1387 2105 1461 2143; x_wconf 84' lang='lat' dir='ltr'>Sed</span> 
     </span>
     <span class='ocr_line' id='line_1_33' title="bbox 148 2166 1464 2214; baseline 0.001 -12"><span class='ocrx_word' id='word_1_256' title='bbox 148 2178 227 2202; x_wconf 91' lang='lat' dir='ltr'>non</span> <span class='ocrx_word' id='word_1_257' title='bbox 245 2177 325 2203; x_wconf 85' lang='lat' dir='ltr'>esse</span> <span class='ocrx_word' id='word_1_258' title='bbox 344 2177 433 2202; x_wconf 90' lang='lat' dir='ltr'>cum</span> <span class='ocrx_word' id='word_1_259' title='bbox 452 2176 569 2214; x_wconf 85' lang='lat' dir='ltr'>aegro</span> <span class='ocrx_word' id='word_1_260' title='bbox 587 2166 872 2204; x_wconf 84' lang='lat' dir='ltr'>senescendum.</span> <span class='ocrx_word' id='word_1_261' title='bbox 929 2167 1031 2212; x_wconf 79' lang='lat' dir='ltr'>Quid</span> <span class='ocrx_word' id='word_1_262' title='bbox 1058 2168 1163 2204; x_wconf 84' lang='lat' dir='ltr'>enim</span> <span class='ocrx_word' id='word_1_263' title='bbox 1183 2167 1289 2203; x_wconf 77' lang='lat' dir='ltr'>ultra</span> <span class='ocrx_word' id='word_1_264' title='bbox 1316 2167 1464 2204; x_wconf 84' lang='lat' dir='ltr'>differri</span> 
     </span>
     <span class='ocr_line' id='line_1_34' title="bbox 148 2226 1465 2278; baseline -0.001 -13"><span class='ocrx_word' id='word_1_265' title='bbox 148 2231 219 2265; x_wconf 83' lang='lat' dir='ltr'>aut</span> <span class='ocrx_word' id='word_1_266' title='bbox 252 2226 330 2265; x_wconf 84' lang='lat' dir='ltr'>teri</span> <span class='ocrx_word' id='word_1_267' title='bbox 359 2228 540 2276; x_wconf 63' lang='lat' dir='ltr'>tempus?</span> <span class='ocrx_word' id='word_1_268' title='bbox 595 2226 719 2271; x_wconf 81' lang='lat' dir='ltr'>Quem</span> <span class='ocrx_word' id='word_1_269' title='bbox 750 2228 915 2266; x_wconf 88' lang='lat' dir='ltr'>tertium</span> <span class='ocrx_word' id='word_1_270' title='bbox 951 2228 1160 2275; x_wconf 85' lang='lat' dir='ltr'>consulem,</span> <span class='ocrx_word' id='word_1_271' title='bbox 1189 2241 1305 2278; x_wconf 89' lang='lat' dir='ltr'>quem</span> <span class='ocrx_word' id='word_1_272' title='bbox 1343 2228 1465 2265; x_wconf 84' lang='lat' dir='ltr'>alium</span> 
     </span>
    </p>
   </div>
   <div class='ocr_carea' id='block_1_4' title="bbox 149 2287 1466 2388">
    <p class='ocr_par' dir='ltr' id='par_1_4' title="bbox 149 2287 1466 2388">
     <span class='ocr_line' id='line_1_35' title="bbox 149 2287 1466 2339; baseline 0.001 -14"><span class='ocrx_word' id='word_1_273' title='bbox 149 2288 362 2326; x_wconf 85' lang='lat' dir='ltr'>exercitum</span> <span class='ocrx_word' id='word_1_274' title='bbox 381 2287 602 2338; x_wconf 72' lang='lat' dir='ltr'>expectari?</span> <span class='ocrx_word' id='word_1_275' title='bbox 650 2288 684 2326; x_wconf 81' lang='lat'>4.</span> <span class='ocrx_word' id='word_1_276' title='bbox 714 2289 856 2326; x_wconf 78' lang='lat' dir='ltr'>Castra</span> <span class='ocrx_word' id='word_1_277' title='bbox 875 2289 1263 2339; x_wconf 81' lang='lat' dir='ltr'>Carthaginiensium</span> <span class='ocrx_word' id='word_1_278' title='bbox 1282 2290 1321 2326; x_wconf 86' lang='lat' dir='ltr'>in</span> <span class='ocrx_word' id='word_1_279' title='bbox 1344 2290 1466 2326; x_wconf 83' lang='lat' dir='ltr'>Italia</span> 
     </span>
     <span class='ocr_line' id='line_1_36' title="bbox 203 2354 1308 2388; baseline 0.005 -5"><span class='ocrx_word' id='word_1_280' title='bbox 203 2357 239 2383; x_wconf 84' lang='lat' dir='ltr'>L.</span> <span class='ocrx_word' id='word_1_281' title='bbox 263 2358 349 2383; x_wconf 65' lang='lat' dir='ltr'>xm,</span> <span class='ocrx_word' id='word_1_282' title='bbox 1287 2354 1308 2388; x_wconf 73' lang='grc' dir='ltr'>ἕ)</span> 
     </span>
    </p>
   </div>
   <div class='ocr_carea' id='block_1_5' title="bbox 1490 213 1531 244">
    <p class='ocr_par' dir='ltr' id='par_1_5' title="bbox 1490 213 1531 244">
     <span class='ocr_line' id='line_1_37' title="bbox 1490 213 1531 244; baseline 0 0"><span class='ocrx_word' id='word_1_283' title='bbox 1490 213 1531 244; x_wconf 85' lang='grc'>52</span> 
     </span>
    </p>
   </div>
   <div class='ocr_carea' id='block_1_6' title="bbox 1493 271 1528 300">
    <p class='ocr_par' dir='ltr' id='par_1_6' title="bbox 1493 271 1528 300">
     <span class='ocr_line' id='line_1_38' title="bbox 1493 271 1528 300; baseline 0.029 -1"><span class='ocrx_word' id='word_1_284' title='bbox 1493 271 1528 300; x_wconf 93' lang='grc'>11</span> 
     </span>
    </p>
   </div>
   <div class='ocr_carea' id='block_1_7' title="bbox 1494 518 1531 547">
    <p class='ocr_par' dir='ltr' id='par_1_7' title="bbox 1494 518 1531 547">
     <span class='ocr_line' id='line_1_39' title="bbox 1494 518 1531 547; baseline 0 0"><span class='ocrx_word' id='word_1_285' title='bbox 1494 518 1531 547; x_wconf 90' lang='grc'>15</span> 
     </span>
    </p>
   </div>
   <div class='ocr_carea' id='block_1_8' title="bbox 1492 824 1531 853">
    <p class='ocr_par' dir='ltr' id='par_1_8' title="bbox 1492 824 1531 853">
     <span class='ocr_line' id='line_1_40' title="bbox 1492 824 1531 853; baseline 0.026 -1"><span class='ocrx_word' id='word_1_286' title='bbox 1492 824 1531 853; x_wconf 82' lang='grc'>20</span> 
     </span>
    </p>
   </div>
   <div class='ocr_carea' id='block_1_9' title="bbox 1493 1127 1530 1156">
    <p class='ocr_par' dir='ltr' id='par_1_9' title="bbox 1493 1127 1530 1156">
     <span class='ocr_line' id='line_1_41' title="bbox 1493 1127 1530 1156; baseline 0.027 -1"><span class='ocrx_word' id='word_1_287' title='bbox 1493 1127 1530 1156; x_wconf 80' lang='lat'>25</span> 
     </span>
    </p>
   </div>
   <div class='ocr_carea' id='block_1_10' title="bbox 1496 1805 1537 1836">
    <p class='ocr_par' dir='ltr' id='par_1_10' title="bbox 1496 1805 1537 1836">
     <span class='ocr_line' id='line_1_42' title="bbox 1496 1805 1537 1836; baseline -0.024 0"><span class='ocrx_word' id='word_1_288' title='bbox 1496 1805 1537 1836; x_wconf 84' lang='lat'>53</span> 
     </span>
    </p>
   </div>
  </div>
 </body>
</html>
