1679 2553
195 148 240 180 14
749 155 840 180 LIVY
871 133 964 180 XXI.¹

134 258 172 288 15,
190 251 271 283 stat
291 250 331 283 et
361 247 527 283 multam
556 247 767 295 pretiosam
797 247 1075 296 supellectilem
1106 254 1330 298 vestemque
1356 251 1510 289 missam

155 316 172 344 6
192 307 486 357 Carthaginem.

245 371 279 407 3.
309 371 458 407 Octavo
504 382 645 416 mense,
683 382 803 418 quam
849 375 1028 420 coeptum
1075 373 1306 422 oppugnari,
1354 378 1510 423 captum

192 432 416 481 Saguntum
442 433 602 482 quidam
631 432 817 481 scripsere
835 446 842 478 3
872 433 963 469 inde
985 433 1270 483 Carthaginem
1292 435 1448 473 Novam
1470 437 1511 473 in

191 493 357 530 hibeina
404 495 673 532 Hannibalem
710 495 961 542 concessisse3
1009 497 1148 544 quinto
1185 496 1323 534 deinde
1369 511 1512 545 mense,

135 568 172 596 10
190 568 311 604 quam
340 556 391 592 ab
419 556 662 607 Caitliagine
690 556 886 605 profectus
918 557 981 603 sit,
1015 557 1056 593 in
1085 558 1246 595 Italiam
1280 560 1510 609 pervenisse.

191 619 228 655 4.
260 618 370 662 Quae
396 619 428 655 si
454 619 513 656 ita
545 623 650 665 sunt,
681 618 764 655 fieri
796 631 875 654 non
903 619 1044 667 potuit,
1075 623 1121 655 ut
1150 619 1193 657 P.
1227 621 1428 658 Cornelius
1455 622 1510 658 Ti.

192 680 442 729 Sempronius
460 681 635 718 consules
663 680 823 726 fuerint,
844 680 894 716 ad
913 692 1009 729 quos
1036 685 1075 717 et
1095 681 1284 730 principio
1312 695 1512 733 oppugna-

190 742 309 778 tionis
326 742 447 790 legati
467 743 679 792 Saguntini
698 742 804 778 missi
831 742 924 788 sint,
944 746 984 779 et
1013 743 1081 791 qui
1109 744 1150 779 in
1178 756 1246 780 suo
1275 746 1514 793 magistratu

191 816 280 840 cum
310 805 550 852 Hannibale,
573 806 675 842 alter
703 804 754 841 ad
774 804 954 840 Ticinum
985 817 1153 851 amnem,
1175 806 1289 842 ambo
1308 807 1514 855 aliquanto

131 878 169 907 15
191 870 278 914 post
314 867 364 903 ad
396 867 589 913 Trebiam,
623 865 901 916 pugnaverint.
978 866 1013 902 5.
1042 866 1131 902 Aut
1163 868 1296 904 omnia
1335 869 1514 906 breviora

191 927 394 976 aliquanto
439 928 561 975 fuere,
601 932 673 964 aut
712 928 937 976 Saguntum
984 927 1176 977 principio
1209 929 1316 976 anni,
1355 943 1431 979 quo
1469 930 1512 967 P.

192 990 393 1027 Cornelius
427 992 484 1027 Ti.
524 990 778 1039 Sempronius
814 989 988 1025 consules
1017 988 1192 1036 fuerunt,
1223 1004 1302 1028 non
1335 996 1516 1041 coeptum

191 1053 410 1101 oppugnari
437 1057 508 1099 est,
537 1053 602 1089 sed
630 1056 804 1102 captum.
862 1051 896 1087 6.
926 1051 1034 1087 Nam
1067 1053 1269 1089 excess'sse
1301 1067 1436 1103 pugna
1466 1053 1516 1091 ad

190 1114 372 1151 Trebiam
399 1116 441 1151 in
469 1128 620 1152 annum
648 1116 718 1151 Cn.
749 1113 889 1150 Servili
921 1116 961 1150 et
991 1113 1032 1150 C.
1063 1113 1235 1151 Flamini
1264 1128 1343 1152 non
1373 1119 1514 1166 potest,

129 1189 168 1218 20
192 1178 282 1225 quia
310 1177 351 1214 G.
382 1177 599 1214 Flaminius
627 1176 802 1213 Arimini
830 1175 1078 1211 consulatum
1108 1176 1208 1221 iniit,
1229 1181 1385 1214 creatus
1404 1190 1428 1214 a
1456 1177 1514 1215 Ti.

193 1239 420 1288 Sempronio
439 1239 605 1285 consule,
626 1238 693 1288 qui
710 1242 794 1287 post
814 1250 987 1286 pugnam
1009 1236 1058 1273 ad
1077 1237 1258 1275 Trebiam
1271 1239 1318 1275 ad
1332 1239 1517 1277 creandos

192 1301 365 1338 consules
384 1302 506 1338 Roma
513 1315 552 1337 m
565 1314 653 1338 cum
669 1301 848 1346 venisset,
862 1299 1027 1336 comitiis
1039 1300 1223 1349 perfectis·
1237 1301 1288 1337 ad
1302 1302 1516 1338 exercitum

108 1370 139 1428 ,ξ’
192 1364 234 1400 in
254 1363 418 1400 hiberna
438 1364 565 1400 rediit.

88 1429 122 1467 ,γ’
134 1428 184 1446 ”““

65 1471 97 1485 Ν
133 1483 173 1514 16
247 1484 352 1522 XVI.
386 1486 466 1522 Sub
497 1485 599 1522 idem
628 1484 710 1521 fere
735 1488 892 1534 tempus
919 1487 959 1521 ct
987 1483 1120 1533 legati,
1145 1485 1212 1533 qui
1242 1485 1440 1521 redierant
1466 1486 1518 1522 ab

194 1548 447 1596 Carthagine,
486 1548 655 1584 Romam
693 1546 938 1583 rettulerunt
976 1546 1108 1582 omnia
1145 1546 1303 1583 hostilia
1339 1558 1429 1593 esse,
1477 1549 1518 1583 et

195 1610 364 1659 Sagunti
409 1609 601 1645 excidium
648 1607 882 1644 nuntiatum
920 1611 979 1644 est
997 1620 1006 1653 ;
1082 1609 1116 1644 2.
1147 1611 1366 1657 tantusque
1401 1609 1517 1645 simul

194 1685 346 1709 maeror
402 1651 516 1707 aab&
543 1670 881 1718 misericordiaque
909 1669 1099 1706 sociorum
1129 1674 1424 1718 peremptorum
1461 1670 1518 1706 in-

158 1744 176 1772 5
195 1735 309 1783 (ligne
346 1738 387 1770 et
414 1733 539 1783 pudor
565 1746 643 1769 non
671 1733 743 1769 lati
771 1731 908 1768 auxilii
940 1735 980 1769 et
1005 1732 1066 1768 ira
1095 1732 1136 1768 in
1171 1731 1518 1780 Carthaginienses

195 1802 399 1845 metusque
427 1795 473 1832 de
500 1808 653 1831 summa
686 1807 818 1832 rerum
852 1794 966 1843 cepit,
996 1794 1106 1830 velut
1136 1795 1169 1830 si
1196 1794 1276 1830 iam
1307 1793 1357 1829 ad
1383 1797 1520 1842 portas

195 1858 317 1895 hostis
335 1862 445 1903 esset,
465 1860 512 1893 ut
540 1860 601 1893 tot
621 1869 700 1893 uno
719 1860 893 1905 tempore
922 1856 1093 1892 motibus
1111 1855 1232 1891 animi
1264 1855 1415 1891 turbati
1443 1859 1519 1892 tre-

195 1920 379 1969 pidarent
398 1919 524 1967 magis
551 1931 670 1968 quam
700 1919 970 1955 consuler-enti
1028 1918 1062 1955 3.
1092 1930 1186 1954 nam
1217 1929 1343 1966 neque
1367 1916 1518 1954 hostem

195 1982 383 2018 acriorem
430 1981 784 2029 bellicosioremque
830 1992 959 2016 secum
1001 1991 1264 2028 congressum,
1311 1991 1382 2015 nec
1435 1990 1519 2014 rem

143 2057 180 2087 10
196 2043 420 2080 Romanam
456 2046 540 2079 tam
579 2042 746 2078 desidem
783 2053 974 2089 umquam
1011 2041 1131 2077 fuisse
1167 2044 1288 2089 atque
1322 2039 1516 2077 inbellem.

197 2106 232 2142 4.
263 2105 402 2141 Sardos
415 2105 626 2153 Corsosque
640 2107 680 2140 et
701 2103 860 2139 Histros
873 2106 993 2152 atque
1006 2102 1163 2151 Illyrios
1182 2101 1376 2138 lacessisse
1395 2101 1520 2150 magis

196 2179 316 2216 quam
336 2167 550 2203 exercuisse
570 2166 753 2202 Romana
771 2177 894 2210 arma,
916 2169 956 2201 et
976 2177 1065 2201 cum
1085 2163 1209 2201 Gallis
1227 2163 1519 2200 tumultuatum

197 2229 326 2266 verius
344 2241 463 2278 quam
482 2228 758 2277 belligeratum
769 2239 780 2274 3
838 2228 872 2264 5.
903 2226 1080 2263 Poenum
1100 2225 1253 2262 hostem
1272 2228 1518 2270 veteranum,

197 2290 320 2327 trium
339 2293 380 2327 et
398 2290 541 2339 viginti
567 2302 761 2326 annorum
770 2289 924 2345 pnih'tia
953 2287 1162 2324 durissima
1181 2287 1287 2324 inter
1316 2286 1520 2335 Hispanas

151 2360 187 2389 15
197 2356 333 2402 gentes
351 2364 503 2401 semper
524 2351 721 2398 victorem,
742 2351 829 2387 duci
861 2350 1051 2387 acerrimo
1082 2349 1302 2395 adsuetum,
1324 2350 1518 2384 recentem
